Date,Time,Time Zone,Category,Item,Qty,Price Point Name,SKU,Modifiers Applied,Gross Sales,Discounts,Net Sales,Tax,Transaction ID,Payment ID,Device Name,Notes,Details,Event Type,Location,Dining Option,Customer ID,Customer Name,Customer Reference ID
02/09/18,18:00:27,Eastern Time (US & Canada),Chocolate & Candy,Maynards,1.0,Regular,"","",$1.50,$0.00,$1.50,$0.00,pbEwEsW52gFTUmuhPGhdoQqeV,JtV8IHWN8y1N5FPWQE8MLQB,CSSU's iPad,"",http://squareup.com/dashboard/sales/transactions/pbEwEsW52gFTUmuhPGhdoQqeV/by-unit/4YJMFSNQWK476,Payment,CSSU (charity),"","","",""
02/09/18,18:00:27,Eastern Time (US & Canada),Snacks,Ice Cream Sandwich,1.0,Vanilla,"","",$0.50,$0.00,$0.50,$0.00,pbEwEsW52gFTUmuhPGhdoQqeV,JtV8IHWN8y1N5FPWQE8MLQB,CSSU's iPad,"",http://squareup.com/dashboard/sales/transactions/pbEwEsW52gFTUmuhPGhdoQqeV/by-unit/4YJMFSNQWK476,Payment,CSSU (charity),"","","",""
02/09/18,17:57:42,Eastern Time (US & Canada),Snacks,Ice Cream Sandwich,2.0,Vanilla,"","",$1.00,$0.00,$1.00,$0.00,TCxYDQpiUOKgpHYfgXCkGIjeV,z3vBJ2YcoG0X7K64w2qkMzMF,CSSU's iPad,"",http://squareup.com/dashboard/sales/transactions/TCxYDQpiUOKgpHYfgXCkGIjeV/by-unit/4YJMFSNQWK476,Payment,CSSU (charity),"","","",""
02/09/18,17:42:11,Eastern Time (US & Canada),Snacks,Ice Cream Sandwich,1.0,Vanilla,"","",$0.50,$0.00,$0.50,$0.00,zWRZKzzcPwZQjQnONjiNI5heV,7KNdFi0o2Wrwo3O0IHthLQB,CSSU's iPad,"",http://squareup.com/dashboard/sales/transactions/zWRZKzzcPwZQjQnONjiNI5heV/by-unit/4YJMFSNQWK476,Payment,CSSU (charity),"","","",""
02/09/18,17:22:51,Eastern Time (US & Canada),Snacks,Ice Cream Sandwich,1.0,Vanilla,"","",$0.50,$0.00,$0.50,$0.00,RX6dsvi0h6oYmTT9PxTSQKpeV,rWBYYCyzHSDqIMexkhj2KQB,CSSU's iPad,"",http://squareup.com/dashboard/sales/transactions/RX6dsvi0h6oYmTT9PxTSQKpeV/by-unit/4YJMFSNQWK476,Payment,CSSU (charity),"","","",""
02/09/18,17:09:55,Eastern Time (US & Canada),Snacks,Ice Cream Sandwich,1.0,Vanilla,"","",$0.50,$0.00,$0.50,$0.00,rufn5JIKZZ9UTlVNdu20HrheV,ZrEes91KwsAlmuZCF3zAKQB,CSSU's iPad,"",http://squareup.com/dashboard/sales/transactions/rufn5JIKZZ9UTlVNdu20HrheV/by-unit/4YJMFSNQWK476,Payment,CSSU (charity),"","","",""
02/09/18,16:37:11,Eastern Time (US & Canada),Snacks,Ice Cream Sandwich,4.0,Vanilla,"","",$2.00,$0.00,$2.00,$0.00,Rb8HXA5gxBoWF0qWF3NNSRzeV,oYEe3qKzSqoXBwhuJmTHpsMF,CSSU's iPad,"",http://squareup.com/dashboard/sales/transactions/Rb8HXA5gxBoWF0qWF3NNSRzeV/by-unit/4YJMFSNQWK476,Payment,CSSU (charity),"",ZVJEKE5J4D5VMWESQM75THHHM0,Peiqi Wang,""
02/09/18,16:26:10,Eastern Time (US & Canada),Snacks,Ice Cream Sandwich,2.0,Vanilla,"","",$1.00,$0.00,$1.00,$0.00,r6VhixwZYMnUZQPn5LKFuw1eV,xRfFIBA0EsljYbu1wXl5JQB,CSSU's iPad,"",http://squareup.com/dashboard/sales/transactions/r6VhixwZYMnUZQPn5LKFuw1eV/by-unit/4YJMFSNQWK476,Payment,CSSU (charity),"","","",""
02/09/18,16:00:29,Eastern Time (US & Canada),Snacks,Chips,1.0,"","","",$1.00,$0.00,$1.00,$0.00,BBBcWu40LX4UBv53tX74ORveV,0yye6g05GHf6jmcRhQkSQtMF,CSSU's iPad,"",http://squareup.com/dashboard/sales/transactions/BBBcWu40LX4UBv53tX74ORveV/by-unit/4YJMFSNQWK476,Payment,CSSU (charity),"","","",""
02/09/18,16:00:29,Eastern Time (US & Canada),Snacks,Ice Cream Sandwich,1.0,Vanilla,"","",$0.50,$0.00,$0.50,$0.00,BBBcWu40LX4UBv53tX74ORveV,0yye6g05GHf6jmcRhQkSQtMF,CSSU's iPad,"",http://squareup.com/dashboard/sales/transactions/BBBcWu40LX4UBv53tX74ORveV/by-unit/4YJMFSNQWK476,Payment,CSSU (charity),"","","",""
02/09/18,15:38:19,Eastern Time (US & Canada),Snacks,Ice Cream Sandwich,3.0,Vanilla,"","",$1.50,$0.00,$1.50,$0.00,B9HAoDSDMRzDq1EdxnVR1m4eV,bS5HiwhR0Vqx4pTXBuncKQB,CSSU's iPad,"",http://squareup.com/dashboard/sales/transactions/B9HAoDSDMRzDq1EdxnVR1m4eV/by-unit/4YJMFSNQWK476,Payment,CSSU (charity),"","","",""
02/09/18,12:33:30,Eastern Time (US & Canada),Snacks,Ice Cream Sandwich,4.0,Vanilla,"","",$2.00,$0.00,$2.00,$0.00,7M2vcYDUiXP9Kn9xeJjU7vyeV,30n3l6JQsi0AtUXGhwKZKQB,CSSU's iPad,"",http://squareup.com/dashboard/sales/transactions/7M2vcYDUiXP9Kn9xeJjU7vyeV/by-unit/4YJMFSNQWK476,Payment,CSSU (charity),"","","",""
02/09/18,12:19:37,Eastern Time (US & Canada),Snacks,Ice Cream Sandwich,1.0,Vanilla,"","",$0.50,$0.00,$0.50,$0.00,5NvbarqK0Cxu8sY1SN3eSqleV,dVmByp1ayAM8j7is35i1JQB,CSSU's iPad,"",http://squareup.com/dashboard/sales/transactions/5NvbarqK0Cxu8sY1SN3eSqleV/by-unit/4YJMFSNQWK476,Payment,CSSU (charity),"","","",""
02/08/18,21:19:40,Eastern Time (US & Canada),Snacks,Ice Cream Sandwich,1.0,Vanilla,"","",$0.50,$0.00,$0.50,$0.00,Lar2rIuvHPZ2T9VyGUd4gMieV,Rr2gbkAZsNaEMaDwuRbZLQB,CSSU's iPad,"",http://squareup.com/dashboard/sales/transactions/Lar2rIuvHPZ2T9VyGUd4gMieV/by-unit/4YJMFSNQWK476,Payment,CSSU (charity),"","","",""
02/08/18,20:11:21,Eastern Time (US & Canada),Snacks,Ice Cream Sandwich,2.0,Vanilla,"","",$1.00,$0.00,$1.00,$0.00,xN1LDYWtXOKyHNKvHSpGxGxeV,TGdHActFEiAJvCQcj7lZKQB,CSSU's iPad,"",http://squareup.com/dashboard/sales/transactions/xN1LDYWtXOKyHNKvHSpGxGxeV/by-unit/4YJMFSNQWK476,Payment,CSSU (charity),"","","",""
02/08/18,20:06:35,Eastern Time (US & Canada),Snacks,Ice Cream Sandwich,1.0,Vanilla,"","",$0.50,$0.00,$0.50,$0.00,ZzynUQ196uRzMbhyNf88UsseV,Ffnm1aeBaim4KeArxCB6JQB,CSSU's iPad,"",http://squareup.com/dashboard/sales/transactions/ZzynUQ196uRzMbhyNf88UsseV/by-unit/4YJMFSNQWK476,Payment,CSSU (charity),"","","",""
02/08/18,20:03:28,Eastern Time (US & Canada),Snacks,Ice Cream Sandwich,2.0,Vanilla,"","",$1.00,$0.00,$1.00,$0.00,1FuqHywww4emr4UH9HcCUG1eV,51lEUUhPZltKg4l0ItV2KQB,CSSU's iPad,"",http://squareup.com/dashboard/sales/transactions/1FuqHywww4emr4UH9HcCUG1eV/by-unit/4YJMFSNQWK476,Payment,CSSU (charity),"","","",""
02/08/18,20:03:12,Eastern Time (US & Canada),Snacks,Ice Cream Sandwich,2.0,Vanilla,"","",$1.00,$0.00,$1.00,$0.00,LAuWfgwgBY8U9ZFQ0tHkTpheV,Q1tosFlLzOu5iOXnf8IAuyMF,CSSU's iPad,"",http://squareup.com/dashboard/sales/transactions/LAuWfgwgBY8U9ZFQ0tHkTpheV/by-unit/4YJMFSNQWK476,Payment,CSSU (charity),"",DV00KSMJPX752VK0R7Y81RZBD0,"",""
02/08/18,17:34:08,Eastern Time (US & Canada),Snacks,Ice Cream Sandwich,2.0,Vanilla,"","",$1.00,$0.00,$1.00,$0.00,Fr73qeCeTUKFc7D9dO32XtpeV,rkgUEs6wHrUCfnSZIeYUKQB,CSSU's iPad,"",http://squareup.com/dashboard/sales/transactions/Fr73qeCeTUKFc7D9dO32XtpeV/by-unit/4YJMFSNQWK476,Payment,CSSU (charity),"","","",""
02/08/18,16:44:49,Eastern Time (US & Canada),Snacks,Ice Cream Sandwich,2.0,Vanilla,"","",$1.00,$0.00,$1.00,$0.00,dZ43z8wqG6CodZUMiEU17uqeV,iGHOYhk33leQHCwflJQK1xMF,CSSU's iPad,"",http://squareup.com/dashboard/sales/transactions/dZ43z8wqG6CodZUMiEU17uqeV/by-unit/4YJMFSNQWK476,Payment,CSSU (charity),"",ZVJEKE5J4D5VMWESQM75THHHM0,Peiqi Wang,""
02/08/18,16:44:32,Eastern Time (US & Canada),Snacks,Ice Cream Sandwich,1.0,Vanilla,"","",$0.50,$0.00,$0.50,$0.00,3ULtr2JUVvDIBWimB4EtNIleV,BDQnwWoAQuZxr29yzRMdLQB,CSSU's iPad,"",http://squareup.com/dashboard/sales/transactions/3ULtr2JUVvDIBWimB4EtNIleV/by-unit/4YJMFSNQWK476,Payment,CSSU (charity),"","","",""
02/08/18,15:59:56,Eastern Time (US & Canada),Snacks,Ice Cream Sandwich,1.0,Vanilla,"","",$0.50,$0.00,$0.50,$0.00,hnA6qnu23uzEcZQhD4tXey5eV,D61uh0y7Ij2LhTRB6nmwJQB,CSSU's iPad,"",http://squareup.com/dashboard/sales/transactions/hnA6qnu23uzEcZQhD4tXey5eV/by-unit/4YJMFSNQWK476,Payment,CSSU (charity),"","","",""
02/08/18,15:56:35,Eastern Time (US & Canada),Snacks,Ice Cream Sandwich,1.0,Vanilla,"","",$0.50,$0.00,$0.50,$0.00,jKxSmrrrTpg2okb885hyWI8eV,FFmm4RECznouDxbo5vZhKQB,CSSU's iPad,"",http://squareup.com/dashboard/sales/transactions/jKxSmrrrTpg2okb885hyWI8eV/by-unit/4YJMFSNQWK476,Payment,CSSU (charity),"","","",""
02/07/18,21:17:17,Eastern Time (US & Canada),Snacks,Ice Cream Sandwich,2.0,Vanilla,"","",$1.00,$0.00,$1.00,$0.00,budkDGYKvThAf3eN0XDMXV7eV,0RtsHDlbiGANyfXECFwIIzMF,CSSU's iPad,"",http://squareup.com/dashboard/sales/transactions/budkDGYKvThAf3eN0XDMXV7eV/by-unit/4YJMFSNQWK476,Payment,CSSU (charity),"","","",""
02/07/18,21:17:08,Eastern Time (US & Canada),Snacks,Ice Cream Sandwich,3.0,Vanilla,"","",$1.50,$0.00,$1.50,$0.00,r0eHebC8wJILp1wVKdspnooeV,v410XL4oNSpDd3KvUaJ2KQB,CSSU's iPad,"",http://squareup.com/dashboard/sales/transactions/r0eHebC8wJILp1wVKdspnooeV/by-unit/4YJMFSNQWK476,Payment,CSSU (charity),"","","",""
02/07/18,21:10:17,Eastern Time (US & Canada),Drinks,Pop,1.0,"Classic, 355ml","","",$1.00,$0.00,$1.00,$0.00,jY2Hj8Xm0AqMXlewA2dPpr4eV,WgVrZcGiDmc7NbHq3F591xMF,CSSU's iPad,"",http://squareup.com/dashboard/sales/transactions/jY2Hj8Xm0AqMXlewA2dPpr4eV/by-unit/4YJMFSNQWK476,Payment,CSSU (charity),"",JAVPPXYKWX38CXAT844VCAFZ1G,Shubham.mr Dhond,""
02/07/18,21:10:17,Eastern Time (US & Canada),Snacks,Ice Cream Sandwich,1.0,Vanilla,"","",$0.50,$0.00,$0.50,$0.00,jY2Hj8Xm0AqMXlewA2dPpr4eV,WgVrZcGiDmc7NbHq3F591xMF,CSSU's iPad,"",http://squareup.com/dashboard/sales/transactions/jY2Hj8Xm0AqMXlewA2dPpr4eV/by-unit/4YJMFSNQWK476,Payment,CSSU (charity),"",JAVPPXYKWX38CXAT844VCAFZ1G,Shubham.mr Dhond,""
02/07/18,19:34:30,Eastern Time (US & Canada),Snacks,Ice Cream Sandwich,5.0,Vanilla,"","",$2.50,$0.00,$2.50,$0.00,NtGLrzwmQuFAALjOUH6rejveV,pzcMhpAp8zgRGavPGmcDLQB,CSSU's iPad,"",http://squareup.com/dashboard/sales/transactions/NtGLrzwmQuFAALjOUH6rejveV/by-unit/4YJMFSNQWK476,Payment,CSSU (charity),"","","",""
02/07/18,18:44:22,Eastern Time (US & Canada),Snacks,Ice Cream Sandwich,1.0,Vanilla,"","",$0.50,$0.00,$0.50,$0.00,PKe2mZMj7LgvlTwEx9hdQ64eV,TTv1ruA9mOFh9iTPZQwdnvMF,CSSU's iPad,"",http://squareup.com/dashboard/sales/transactions/PKe2mZMj7LgvlTwEx9hdQ64eV/by-unit/4YJMFSNQWK476,Payment,CSSU (charity),"","","",""
02/07/18,18:44:22,Eastern Time (US & Canada),Drinks,Jarritos,1.0,Mango,"","",$2.00,$0.00,$2.00,$0.00,PKe2mZMj7LgvlTwEx9hdQ64eV,TTv1ruA9mOFh9iTPZQwdnvMF,CSSU's iPad,"",http://squareup.com/dashboard/sales/transactions/PKe2mZMj7LgvlTwEx9hdQ64eV/by-unit/4YJMFSNQWK476,Payment,CSSU (charity),"","","",""
02/07/18,18:40:46,Eastern Time (US & Canada),Snacks,Ice Cream Sandwich,1.0,Vanilla,"","",$0.50,$0.00,$0.50,$0.00,bQcrPeLENG8w4S8HTWDK8O5eV,z2N3idDQQmnNYjZFTWViLQB,CSSU's iPad,"",http://squareup.com/dashboard/sales/transactions/bQcrPeLENG8w4S8HTWDK8O5eV/by-unit/4YJMFSNQWK476,Payment,CSSU (charity),"","","",""
02/07/18,18:23:02,Eastern Time (US & Canada),Snacks,Ice Cream Sandwich,1.0,Vanilla,"","",$0.50,$0.00,$0.50,$0.00,Z5XM6cyFqW3fkBYIcRebCFAfV,noxlZe78PVL2QQ6qSfjIKQB,CSSU's iPad,"",http://squareup.com/dashboard/sales/transactions/Z5XM6cyFqW3fkBYIcRebCFAfV/by-unit/4YJMFSNQWK476,Payment,CSSU (charity),"","","",""
02/07/18,18:22:54,Eastern Time (US & Canada),Snacks,Ice Cream Sandwich,1.0,Vanilla,"","",$0.50,$0.00,$0.50,$0.00,DS5enKKYS4kZciFdTGOOaKfeV,93Z05hn1f9GyAZXcT5YRLQB,CSSU's iPad,"",http://squareup.com/dashboard/sales/transactions/DS5enKKYS4kZciFdTGOOaKfeV/by-unit/4YJMFSNQWK476,Payment,CSSU (charity),"","","",""
02/07/18,18:21:55,Eastern Time (US & Canada),Snacks,Ice Cream Sandwich,2.0,Vanilla,"","",$1.00,$0.00,$1.00,$0.00,budcdLPOuVUUMkF2jLBFw7eeV,mp6HLq1ws1ORl1ENZbMDzsMF,CSSU's iPad,"",http://squareup.com/dashboard/sales/transactions/budcdLPOuVUUMkF2jLBFw7eeV/by-unit/4YJMFSNQWK476,Payment,CSSU (charity),"",P40MXFDR8D7AJMQGQMHQ5FQQXG,Tasawar Sattar,""
02/07/18,17:45:11,Eastern Time (US & Canada),Snacks,Ice Cream Sandwich,1.0,Vanilla,"","",$0.50,$0.00,$0.50,$0.00,dJigzUqunIdGIV8JXwrF3h8eV,XMpy9FVvbseEaMZnFicZKQB,CSSU's iPad,"",http://squareup.com/dashboard/sales/transactions/dJigzUqunIdGIV8JXwrF3h8eV/by-unit/4YJMFSNQWK476,Payment,CSSU (charity),"","","",""
02/07/18,17:38:53,Eastern Time (US & Canada),Snacks,Chips,1.0,"","","",$1.00,$0.00,$1.00,$0.00,tBE7c9JiKbQ1BeyGJzP9kSkeV,XcfVtKDQshPiNJPz2jghKQB,CSSU's iPad,"",http://squareup.com/dashboard/sales/transactions/tBE7c9JiKbQ1BeyGJzP9kSkeV/by-unit/4YJMFSNQWK476,Payment,CSSU (charity),"","","",""
02/07/18,17:38:53,Eastern Time (US & Canada),Snacks,Ice Cream Sandwich,1.0,Vanilla,"","",$0.50,$0.00,$0.50,$0.00,tBE7c9JiKbQ1BeyGJzP9kSkeV,XcfVtKDQshPiNJPz2jghKQB,CSSU's iPad,"",http://squareup.com/dashboard/sales/transactions/tBE7c9JiKbQ1BeyGJzP9kSkeV/by-unit/4YJMFSNQWK476,Payment,CSSU (charity),"","","",""
02/07/18,15:58:59,Eastern Time (US & Canada),Snacks,Ice Cream Sandwich,1.0,Vanilla,"","",$0.50,$0.00,$0.50,$0.00,Vjxu47qzFKrKpgs80ixR7V2eV,1dMnDbIOoE5BKMQkpoqbKQB,CSSU's iPad,"",http://squareup.com/dashboard/sales/transactions/Vjxu47qzFKrKpgs80ixR7V2eV/by-unit/4YJMFSNQWK476,Payment,CSSU (charity),"","","",""
02/07/18,15:46:03,Eastern Time (US & Canada),Snacks,Ice Cream Sandwich,1.0,Vanilla,"","",$0.50,$0.00,$0.50,$0.00,DqN4GSNe9AnuFY5PbzSluyseV,nQXiTeLL62VbAkqArnm6JQB,CSSU's iPad,"",http://squareup.com/dashboard/sales/transactions/DqN4GSNe9AnuFY5PbzSluyseV/by-unit/4YJMFSNQWK476,Payment,CSSU (charity),"","","",""
02/07/18,15:08:12,Eastern Time (US & Canada),Snacks,Ice Cream Sandwich,1.0,Vanilla,"","",$0.50,$0.00,$0.50,$0.00,7G5UzvRlHi9B6DLy6cpCLsjeV,fUp38j749cdwIZPkvxMKLQB,CSSU's iPad,"",http://squareup.com/dashboard/sales/transactions/7G5UzvRlHi9B6DLy6cpCLsjeV/by-unit/4YJMFSNQWK476,Payment,CSSU (charity),"","","",""
02/07/18,15:03:46,Eastern Time (US & Canada),Snacks,Ice Cream Sandwich,2.0,Vanilla,"","",$1.00,$0.00,$1.00,$0.00,7qFLq0rEm12xd54wKsifjz4eV,bYVGJYxH5jJMN9oJbfNnWvMF,CSSU's iPad,"",http://squareup.com/dashboard/sales/transactions/7qFLq0rEm12xd54wKsifjz4eV/by-unit/4YJMFSNQWK476,Payment,CSSU (charity),"","","",""
02/07/18,15:01:12,Eastern Time (US & Canada),Snacks,Ice Cream Sandwich,2.0,Vanilla,"","",$1.00,$0.00,$1.00,$0.00,Pekuh2LBBID0p7VhFB32ph1eV,3AvcnSTgv9szxEUVTNdbLQB,CSSU's iPad,"",http://squareup.com/dashboard/sales/transactions/Pekuh2LBBID0p7VhFB32ph1eV/by-unit/4YJMFSNQWK476,Payment,CSSU (charity),"","","",""
02/07/18,13:04:42,Eastern Time (US & Canada),Drinks,Jarritos,1.0,Mango,"","",$2.00,$0.00,$2.00,$0.00,R9RpzmpPGAotCkGfRgrLE6eeV,11wzRSkmx0hmCwWVBSuDKQB,CSSU's iPad,"",http://squareup.com/dashboard/sales/transactions/R9RpzmpPGAotCkGfRgrLE6eeV/by-unit/4YJMFSNQWK476,Payment,CSSU (charity),"","","",""
02/07/18,13:04:42,Eastern Time (US & Canada),Snacks,Ice Cream Sandwich,1.0,Vanilla,"","",$0.50,$0.00,$0.50,$0.00,R9RpzmpPGAotCkGfRgrLE6eeV,11wzRSkmx0hmCwWVBSuDKQB,CSSU's iPad,"",http://squareup.com/dashboard/sales/transactions/R9RpzmpPGAotCkGfRgrLE6eeV/by-unit/4YJMFSNQWK476,Payment,CSSU (charity),"","","",""
02/07/18,12:42:04,Eastern Time (US & Canada),Snacks,Ice Cream Sandwich,2.0,Vanilla,"","",$1.00,$0.00,$1.00,$0.00,LEmJtdEBHrXz5aPRtVruV7weV,pU9WuczarEhNREpUiDr40xMF,CSSU's iPad,"",http://squareup.com/dashboard/sales/transactions/LEmJtdEBHrXz5aPRtVruV7weV/by-unit/4YJMFSNQWK476,Payment,CSSU (charity),"","","",""
02/06/18,20:12:26,Eastern Time (US & Canada),Snacks,Ice Cream Sandwich,1.0,Vanilla,"","",$0.50,$0.00,$0.50,$0.00,NF46TKxFVXmfJMyIvty2QPmeV,ZBRrcgmHworpbfnqUc0fKQB,CSSU's iPad,"",http://squareup.com/dashboard/sales/transactions/NF46TKxFVXmfJMyIvty2QPmeV/by-unit/4YJMFSNQWK476,Payment,CSSU (charity),"","","",""
02/06/18,20:01:07,Eastern Time (US & Canada),Snacks,Ice Cream Sandwich,2.0,Vanilla,"","",$1.00,$0.00,$1.00,$0.00,JVB0Q48tghuWL2d0uhHNh8ieV,7oi2g2oMjGmv9Zsu24glKQB,CSSU's iPad,"",http://squareup.com/dashboard/sales/transactions/JVB0Q48tghuWL2d0uhHNh8ieV/by-unit/4YJMFSNQWK476,Payment,CSSU (charity),"","","",""
02/06/18,19:48:47,Eastern Time (US & Canada),Snacks,Ice Cream Sandwich,1.0,Vanilla,"","",$0.50,$0.00,$0.50,$0.00,xPyZ1FkBVRYkQQS8CFSWV9jeV,ZrkKulelVn5IwhxQbhNNKQB,CSSU's iPad,"",http://squareup.com/dashboard/sales/transactions/xPyZ1FkBVRYkQQS8CFSWV9jeV/by-unit/4YJMFSNQWK476,Payment,CSSU (charity),"","","",""
02/06/18,19:22:04,Eastern Time (US & Canada),Snacks,Ice Cream Sandwich,2.0,Vanilla,"","",$1.00,$0.00,$1.00,$0.00,rGNqyBSSzw4WcQaIVPYEkOueV,LUCLLY7OAFSrm02EovuSLQB,CSSU's iPad,"",http://squareup.com/dashboard/sales/transactions/rGNqyBSSzw4WcQaIVPYEkOueV/by-unit/4YJMFSNQWK476,Payment,CSSU (charity),"","","",""
02/06/18,18:22:14,Eastern Time (US & Canada),Snacks,Ice Cream Sandwich,1.0,Vanilla,"","",$0.50,$0.00,$0.50,$0.00,vYTPrgKgwXlX0gQF3Z8QwqxeV,n8dKXERa13eRdHo2EbDLKQB,CSSU's iPad,"",http://squareup.com/dashboard/sales/transactions/vYTPrgKgwXlX0gQF3Z8QwqxeV/by-unit/4YJMFSNQWK476,Payment,CSSU (charity),"","","",""
02/06/18,17:41:43,Eastern Time (US & Canada),Snacks,Ice Cream Sandwich,2.0,Vanilla,"","",$1.00,$0.00,$1.00,$0.00,rafoNOvxasZobPWdkb0pKNteV,fSITqR6M7fCaXffvP7EDLQB,CSSU's iPad,"",http://squareup.com/dashboard/sales/transactions/rafoNOvxasZobPWdkb0pKNteV/by-unit/4YJMFSNQWK476,Payment,CSSU (charity),"","","",""
02/06/18,17:21:24,Eastern Time (US & Canada),Snacks,Ice Cream Sandwich,1.0,Vanilla,"","",$0.50,$0.00,$0.50,$0.00,v2Wlxs4wQzpt09reIa1tDV5eV,X0RMJH7ioVWEftfMbj64JQB,CSSU's iPad,"",http://squareup.com/dashboard/sales/transactions/v2Wlxs4wQzpt09reIa1tDV5eV/by-unit/4YJMFSNQWK476,Payment,CSSU (charity),"","","",""
02/06/18,16:42:20,Eastern Time (US & Canada),Snacks,Ice Cream Sandwich,3.0,Vanilla,"","",$1.50,$0.00,$1.50,$0.00,ve4wHOeWtK5yKatW0i4uae9eV,v4nKvTCCnCp90FKIdsg26uMF,CSSU's iPad,"",http://squareup.com/dashboard/sales/transactions/ve4wHOeWtK5yKatW0i4uae9eV/by-unit/4YJMFSNQWK476,Payment,CSSU (charity),"","","",""
02/06/18,11:26:12,Eastern Time (US & Canada),Snacks,Ice Cream Sandwich,1.0,Vanilla,"","",$0.50,$0.00,$0.50,$0.00,76lzQofIstx4hTKz2twTTKxeV,ppBzuh99RJP7mLb7GdPKLQB,CSSU's iPad,"",http://squareup.com/dashboard/sales/transactions/76lzQofIstx4hTKz2twTTKxeV/by-unit/4YJMFSNQWK476,Payment,CSSU (charity),"","","",""
02/05/18,21:48:08,Eastern Time (US & Canada),Snacks,Ice Cream Sandwich,1.0,Vanilla,"","",$0.50,$0.00,$0.50,$0.00,XcLTNK4c5fYD6iMCQ8msVXneV,7SHcDWVF8Xoj5gJwxKJiLQB,CSSU's iPad,"",http://squareup.com/dashboard/sales/transactions/XcLTNK4c5fYD6iMCQ8msVXneV/by-unit/4YJMFSNQWK476,Payment,CSSU (charity),"","","",""
02/05/18,21:48:08,Eastern Time (US & Canada),Snacks,Chips,1.0,"","","",$1.00,$0.00,$1.00,$0.00,XcLTNK4c5fYD6iMCQ8msVXneV,7SHcDWVF8Xoj5gJwxKJiLQB,CSSU's iPad,"",http://squareup.com/dashboard/sales/transactions/XcLTNK4c5fYD6iMCQ8msVXneV/by-unit/4YJMFSNQWK476,Payment,CSSU (charity),"","","",""
02/05/18,20:29:36,Eastern Time (US & Canada),Snacks,Ice Cream Sandwich,2.0,Vanilla,"","",$1.00,$0.00,$1.00,$0.00,9H188loaX6jB15XupfgtW93eV,5lNlKmUekKNAKWPZGse1qvMF,CSSU's iPad,"",http://squareup.com/dashboard/sales/transactions/9H188loaX6jB15XupfgtW93eV/by-unit/4YJMFSNQWK476,Payment,CSSU (charity),"","","",""
02/05/18,20:20:41,Eastern Time (US & Canada),Snacks,Ice Cream Sandwich,1.0,Vanilla,"","",$0.50,$0.00,$0.50,$0.00,5vYlX4TGzf7iMspzTZ9e4D6eV,HYZPqZPgG8acYvBqRkDlLQB,CSSU's iPad,"",http://squareup.com/dashboard/sales/transactions/5vYlX4TGzf7iMspzTZ9e4D6eV/by-unit/4YJMFSNQWK476,Payment,CSSU (charity),"","","",""
02/05/18,20:15:35,Eastern Time (US & Canada),Snacks,Ice Cream Sandwich,1.0,Vanilla,"","",$0.50,$0.00,$0.50,$0.00,X6Qw4hxhvuo75A2soMtmMkteV,BVzwaoSxD1DZzzg4ejXPKQB,CSSU's iPad,"",http://squareup.com/dashboard/sales/transactions/X6Qw4hxhvuo75A2soMtmMkteV/by-unit/4YJMFSNQWK476,Payment,CSSU (charity),"","","",""
02/05/18,20:14:54,Eastern Time (US & Canada),Snacks,Ice Cream Sandwich,1.0,Vanilla,"","",$0.50,$0.00,$0.50,$0.00,HuSqMZvd4RNh4uNaURiR926eV,dDdlcHidwRAIcugbVZ2IKQB,CSSU's iPad,"",http://squareup.com/dashboard/sales/transactions/HuSqMZvd4RNh4uNaURiR926eV/by-unit/4YJMFSNQWK476,Payment,CSSU (charity),"","","",""
02/05/18,19:57:47,Eastern Time (US & Canada),Snacks,Ice Cream Sandwich,2.0,Vanilla,"","",$1.00,$0.00,$1.00,$0.00,lxKv5UHzmLWAoLLwlvaETRxeV,F0GjYfSjDXIhLf0T0gQ8LvMF,CSSU's iPad,"",http://squareup.com/dashboard/sales/transactions/lxKv5UHzmLWAoLLwlvaETRxeV/by-unit/4YJMFSNQWK476,Payment,CSSU (charity),"","","",""
02/05/18,19:57:47,Eastern Time (US & Canada),Drinks,Jarritos,1.0,Mango,"","",$2.00,$0.00,$2.00,$0.00,lxKv5UHzmLWAoLLwlvaETRxeV,F0GjYfSjDXIhLf0T0gQ8LvMF,CSSU's iPad,"",http://squareup.com/dashboard/sales/transactions/lxKv5UHzmLWAoLLwlvaETRxeV/by-unit/4YJMFSNQWK476,Payment,CSSU (charity),"","","",""
02/05/18,19:53:36,Eastern Time (US & Canada),Snacks,Ice Cream Sandwich,3.0,Vanilla,"","",$1.50,$0.00,$1.50,$0.00,PKysonK8rrYqOO6lJfHITgjeV,hXAYL5SmJxhprZWlQ30VLQB,CSSU's iPad,"",http://squareup.com/dashboard/sales/transactions/PKysonK8rrYqOO6lJfHITgjeV/by-unit/4YJMFSNQWK476,Payment,CSSU (charity),"","","",""
02/05/18,19:53:36,Eastern Time (US & Canada),Drinks,Pop,1.0,"Classic, 355ml","","",$1.00,$0.00,$1.00,$0.00,PKysonK8rrYqOO6lJfHITgjeV,hXAYL5SmJxhprZWlQ30VLQB,CSSU's iPad,"",http://squareup.com/dashboard/sales/transactions/PKysonK8rrYqOO6lJfHITgjeV/by-unit/4YJMFSNQWK476,Payment,CSSU (charity),"","","",""
02/05/18,19:07:19,Eastern Time (US & Canada),Drinks,Pop,1.0,"Classic, 355ml","","",$1.00,$0.00,$1.00,$0.00,rM6jC8aAKuUXbVywStBtIc6eV,tX37u7VlQ9crVRaIUdB1JQB,CSSU's iPad,"",http://squareup.com/dashboard/sales/transactions/rM6jC8aAKuUXbVywStBtIc6eV/by-unit/4YJMFSNQWK476,Payment,CSSU (charity),"","","",""
02/05/18,19:07:19,Eastern Time (US & Canada),Snacks,Ice Cream Sandwich,1.0,Vanilla,"","",$0.50,$0.00,$0.50,$0.00,rM6jC8aAKuUXbVywStBtIc6eV,tX37u7VlQ9crVRaIUdB1JQB,CSSU's iPad,"",http://squareup.com/dashboard/sales/transactions/rM6jC8aAKuUXbVywStBtIc6eV/by-unit/4YJMFSNQWK476,Payment,CSSU (charity),"","","",""
02/05/18,19:07:19,Eastern Time (US & Canada),Snacks,Chips,1.0,"","","",$1.00,$0.00,$1.00,$0.00,rM6jC8aAKuUXbVywStBtIc6eV,tX37u7VlQ9crVRaIUdB1JQB,CSSU's iPad,"",http://squareup.com/dashboard/sales/transactions/rM6jC8aAKuUXbVywStBtIc6eV/by-unit/4YJMFSNQWK476,Payment,CSSU (charity),"","","",""
02/05/18,18:18:05,Eastern Time (US & Canada),Snacks,Ice Cream Sandwich,1.0,Vanilla,"","",$0.50,$0.00,$0.50,$0.00,Ndo2gCpqku21w0RuwHuQsW7eV,5xrMY3y1NOQtoyZ5SQXWKQB,CSSU's iPad,"",http://squareup.com/dashboard/sales/transactions/Ndo2gCpqku21w0RuwHuQsW7eV/by-unit/4YJMFSNQWK476,Payment,CSSU (charity),"","","",""
02/05/18,16:55:23,Eastern Time (US & Canada),Snacks,Ice Cream Sandwich,1.0,Vanilla,"","",$0.50,$0.00,$0.50,$0.00,jsGOTNS99LsEQJgO1A4EMl9eV,nMPnhrNeu0lWbE1lmhBSKQB,CSSU's iPad,"",http://squareup.com/dashboard/sales/transactions/jsGOTNS99LsEQJgO1A4EMl9eV/by-unit/4YJMFSNQWK476,Payment,CSSU (charity),"","","",""
02/05/18,16:54:35,Eastern Time (US & Canada),Snacks,Ice Cream Sandwich,1.0,Vanilla,"","",$0.50,$0.00,$0.50,$0.00,HQFD6KJLONrxUp8mfckHMVmeV,HkflJ9oCJMSVf8CFH0ZuKQB,CSSU's iPad,"",http://squareup.com/dashboard/sales/transactions/HQFD6KJLONrxUp8mfckHMVmeV/by-unit/4YJMFSNQWK476,Payment,CSSU (charity),"","","",""
02/05/18,16:18:12,Eastern Time (US & Canada),None,Popcorn ,1.0,Regular Price,"","",$1.00,$0.00,$1.00,$0.00,70YuqbqPXYfHiqywQJ0eKrpeV,0GEPf1Q9bDpx2pKpVZkwrxMF,CSSU's iPad,"",http://squareup.com/dashboard/sales/transactions/70YuqbqPXYfHiqywQJ0eKrpeV/by-unit/4YJMFSNQWK476,Payment,CSSU (charity),"","","",""
02/05/18,16:18:12,Eastern Time (US & Canada),Snacks,Ice Cream Sandwich,1.0,Vanilla,"","",$0.50,$0.00,$0.50,$0.00,70YuqbqPXYfHiqywQJ0eKrpeV,0GEPf1Q9bDpx2pKpVZkwrxMF,CSSU's iPad,"",http://squareup.com/dashboard/sales/transactions/70YuqbqPXYfHiqywQJ0eKrpeV/by-unit/4YJMFSNQWK476,Payment,CSSU (charity),"","","",""
02/05/18,16:17:53,Eastern Time (US & Canada),None,Popcorn ,1.0,Regular Price,"","",$1.00,$0.00,$1.00,$0.00,PQrj0mg6kCJCaCJgZW7NbCneV,n62VO4b0HRN2wurQR7srKQB,CSSU's iPad,"",http://squareup.com/dashboard/sales/transactions/PQrj0mg6kCJCaCJgZW7NbCneV/by-unit/4YJMFSNQWK476,Payment,CSSU (charity),"","","",""
02/05/18,16:17:53,Eastern Time (US & Canada),Snacks,Ice Cream Sandwich,1.0,Vanilla,"","",$0.50,$0.00,$0.50,$0.00,PQrj0mg6kCJCaCJgZW7NbCneV,n62VO4b0HRN2wurQR7srKQB,CSSU's iPad,"",http://squareup.com/dashboard/sales/transactions/PQrj0mg6kCJCaCJgZW7NbCneV/by-unit/4YJMFSNQWK476,Payment,CSSU (charity),"","","",""
02/05/18,16:17:22,Eastern Time (US & Canada),Snacks,Ice Cream Sandwich,2.0,Vanilla,"","",$1.00,$0.00,$1.00,$0.00,FZcWHw519cOD0u6Pu2ruyPweV,dxWEBSoSyQFgEYtqqV2ZKQB,CSSU's iPad,"",http://squareup.com/dashboard/sales/transactions/FZcWHw519cOD0u6Pu2ruyPweV/by-unit/4YJMFSNQWK476,Payment,CSSU (charity),"","","",""
02/05/18,15:17:15,Eastern Time (US & Canada),Drinks,Coco Water,1.0,Regular,"","",$2.00,$0.00,$2.00,$0.00,DcEFnFSqU6YJIg0EkGTDWFpeV,5Py8qVl473bHXnEpRaI9KQB,CSSU's iPad,"",http://squareup.com/dashboard/sales/transactions/DcEFnFSqU6YJIg0EkGTDWFpeV/by-unit/4YJMFSNQWK476,Payment,CSSU (charity),"","","",""
02/05/18,15:17:15,Eastern Time (US & Canada),Snacks,Ice Cream Sandwich,1.0,Vanilla,"","",$0.50,$0.00,$0.50,$0.00,DcEFnFSqU6YJIg0EkGTDWFpeV,5Py8qVl473bHXnEpRaI9KQB,CSSU's iPad,"",http://squareup.com/dashboard/sales/transactions/DcEFnFSqU6YJIg0EkGTDWFpeV/by-unit/4YJMFSNQWK476,Payment,CSSU (charity),"","","",""
02/05/18,15:15:40,Eastern Time (US & Canada),Snacks,Ice Cream Sandwich,1.0,Vanilla,"","",$0.50,$0.00,$0.50,$0.00,ZR5rQ66QFFA9Lx2F0gVEIn6eV,TGRdainmG10JLb2avcOZLQB,CSSU's iPad,"",http://squareup.com/dashboard/sales/transactions/ZR5rQ66QFFA9Lx2F0gVEIn6eV/by-unit/4YJMFSNQWK476,Payment,CSSU (charity),"","","",""
02/05/18,12:32:38,Eastern Time (US & Canada),Drinks,Starbucks Mocha,1.0,Regular Price,"","",$3.00,$0.00,$3.00,$0.00,XYFBjde01LNNRHPTXz1mbmfeV,qHWuSXJOquQ6MwcjENXO9sMF,CSSU's iPad,"",http://squareup.com/dashboard/sales/transactions/XYFBjde01LNNRHPTXz1mbmfeV/by-unit/4YJMFSNQWK476,Payment,CSSU (charity),"","","",""
02/05/18,12:32:38,Eastern Time (US & Canada),Snacks,Ice Cream Sandwich,1.0,Vanilla,"","",$0.50,$0.00,$0.50,$0.00,XYFBjde01LNNRHPTXz1mbmfeV,qHWuSXJOquQ6MwcjENXO9sMF,CSSU's iPad,"",http://squareup.com/dashboard/sales/transactions/XYFBjde01LNNRHPTXz1mbmfeV/by-unit/4YJMFSNQWK476,Payment,CSSU (charity),"","","",""
02/05/18,12:18:49,Eastern Time (US & Canada),Snacks,Ice Cream Sandwich,1.0,Vanilla,"","",$0.50,$0.00,$0.50,$0.00,XYLoRngmKtIqVQEqUmvhlmieV,PAPxw4bhsNUqdFWRuI1xKQB,CSSU's iPad,"",http://squareup.com/dashboard/sales/transactions/XYLoRngmKtIqVQEqUmvhlmieV/by-unit/4YJMFSNQWK476,Payment,CSSU (charity),"","","",""
02/05/18,12:18:49,Eastern Time (US & Canada),Drinks,Arizona,1.0,"Regular Price, 500ml","","",$1.25,$0.00,$1.25,$0.00,XYLoRngmKtIqVQEqUmvhlmieV,PAPxw4bhsNUqdFWRuI1xKQB,CSSU's iPad,"",http://squareup.com/dashboard/sales/transactions/XYLoRngmKtIqVQEqUmvhlmieV/by-unit/4YJMFSNQWK476,Payment,CSSU (charity),"","","",""
02/05/18,12:04:09,Eastern Time (US & Canada),Snacks,Ice Cream Sandwich,1.0,Vanilla,"","",$0.50,$0.00,$0.50,$0.00,5bebue22ONo0UCXnwGw7eZgeV,PULmUXlZl80NzkwARm64JQB,CSSU's iPad,"",http://squareup.com/dashboard/sales/transactions/5bebue22ONo0UCXnwGw7eZgeV/by-unit/4YJMFSNQWK476,Payment,CSSU (charity),"","","",""
02/05/18,02:31:40,Eastern Time (US & Canada),Snacks,Ice Cream Sandwich,1.0,Vanilla,"","",$0.50,$0.00,$0.50,$0.00,XYB1MAQUkX5UEHHNLaP80zgeV,rKlrPuCxiSABtFellKc7JQB,CSSU's iPad,"",http://squareup.com/dashboard/sales/transactions/XYB1MAQUkX5UEHHNLaP80zgeV/by-unit/4YJMFSNQWK476,Payment,CSSU (charity),"","","",""
02/04/18,23:10:54,Eastern Time (US & Canada),Snacks,Ice Cream Sandwich,1.0,Vanilla,"","",$0.50,$0.00,$0.50,$0.00,HKinkAAg8yeKGiovfQjHp2qeV,1xCldYHd5kFCpW0x03RDKQB,CSSU's iPad,"",http://squareup.com/dashboard/sales/transactions/HKinkAAg8yeKGiovfQjHp2qeV/by-unit/4YJMFSNQWK476,Payment,CSSU (charity),"","","",""
02/04/18,19:21:14,Eastern Time (US & Canada),Snacks,Ice Cream Sandwich,2.0,Vanilla,"","",$1.00,$0.00,$1.00,$0.00,vMnemRqzIMj2f5vxaj95YSheV,FrPRYdG3xcWmZyTXv1QcKQB,CSSU's iPad,"",http://squareup.com/dashboard/sales/transactions/vMnemRqzIMj2f5vxaj95YSheV/by-unit/4YJMFSNQWK476,Payment,CSSU (charity),"","","",""
02/04/18,18:25:21,Eastern Time (US & Canada),Snacks,Ice Cream Sandwich,2.0,Vanilla,"","",$1.00,$0.00,$1.00,$0.00,9xmusoqXtbrRHsWOi99a8i6eV,r6HEfLjLqLwPiFQNuUobKQB,CSSU's iPad,"",http://squareup.com/dashboard/sales/transactions/9xmusoqXtbrRHsWOi99a8i6eV/by-unit/4YJMFSNQWK476,Payment,CSSU (charity),"","","",""
02/04/18,17:20:13,Eastern Time (US & Canada),Snacks,Ice Cream Sandwich,1.0,Vanilla,"","",$0.50,$0.00,$0.50,$0.00,r6T6vfX597rCtQn6c8hymPkeV,VVkJrjZGf5MDLXRyjQrNLQB,CSSU's iPad,"",http://squareup.com/dashboard/sales/transactions/r6T6vfX597rCtQn6c8hymPkeV/by-unit/4YJMFSNQWK476,Payment,CSSU (charity),"","","",""
02/03/18,17:31:27,Eastern Time (US & Canada),Snacks,Ice Cream Sandwich,1.0,Vanilla,"","",$0.50,$0.00,$0.50,$0.00,T4uPUdUfvKWEculoeaEDevreV,xjYFAvGRcy0o3EieWAvDLQB,CSSU's iPad,"",http://squareup.com/dashboard/sales/transactions/T4uPUdUfvKWEculoeaEDevreV/by-unit/4YJMFSNQWK476,Payment,CSSU (charity),"","","",""
02/03/18,00:38:53,Eastern Time (US & Canada),Snacks,Ice Cream Sandwich,2.0,Vanilla,"","",$1.00,$0.00,$1.00,$0.00,fQVMJcMocu8MMSODDbJHERveV,8EZLJozrc2bxyssZ7s2e0sMF,CSSU's iPad,"",http://squareup.com/dashboard/sales/transactions/fQVMJcMocu8MMSODDbJHERveV/by-unit/4YJMFSNQWK476,Payment,CSSU (charity),"","","",""
02/02/18,21:22:55,Eastern Time (US & Canada),Snacks,Ice Cream Sandwich,2.0,Vanilla,"","",$1.00,$0.00,$1.00,$0.00,ZrOLo7ycgs5RrdU1uh5RJvAfV,2ZGcbhajiMhNMEq9Uo2hluMF,CSSU's iPad,"",http://squareup.com/dashboard/sales/transactions/ZrOLo7ycgs5RrdU1uh5RJvAfV/by-unit/4YJMFSNQWK476,Payment,CSSU (charity),"","","",""
02/02/18,19:54:31,Eastern Time (US & Canada),Snacks,Ice Cream Sandwich,3.0,Vanilla,"","",$1.50,$0.00,$1.50,$0.00,H8LdfI9eQu29Y5LtMrwnyhveV,RPUswTXUM8Ir9wep2CPFKQB,CSSU's iPad,"",http://squareup.com/dashboard/sales/transactions/H8LdfI9eQu29Y5LtMrwnyhveV/by-unit/4YJMFSNQWK476,Payment,CSSU (charity),"","","",""
02/02/18,18:46:36,Eastern Time (US & Canada),Drinks,Jarritos,1.0,Mango,"","",$2.00,$0.00,$2.00,$0.00,lRIk25ItkgWr4dpxvkH8fwueV,lw17mNwDqQoxP0pLeoROtwMF,CSSU's iPad,"",http://squareup.com/dashboard/sales/transactions/lRIk25ItkgWr4dpxvkH8fwueV/by-unit/4YJMFSNQWK476,Payment,CSSU (charity),"","","",""
02/02/18,18:46:36,Eastern Time (US & Canada),Snacks,Ice Cream Sandwich,2.0,Vanilla,"","",$1.00,$0.00,$1.00,$0.00,lRIk25ItkgWr4dpxvkH8fwueV,lw17mNwDqQoxP0pLeoROtwMF,CSSU's iPad,"",http://squareup.com/dashboard/sales/transactions/lRIk25ItkgWr4dpxvkH8fwueV/by-unit/4YJMFSNQWK476,Payment,CSSU (charity),"","","",""
02/02/18,18:34:55,Eastern Time (US & Canada),Snacks,Ice Cream Sandwich,6.0,Vanilla,"","",$3.00,$0.00,$3.00,$0.00,ziZsdSCljSmcjFJdv1iUWZveV,5IkwK82jK8DNxW4JMDrA0wMF,CSSU's iPad,"",http://squareup.com/dashboard/sales/transactions/ziZsdSCljSmcjFJdv1iUWZveV/by-unit/4YJMFSNQWK476,Payment,CSSU (charity),"","","",""
02/02/18,18:12:37,Eastern Time (US & Canada),Snacks,Ice Cream Sandwich,1.0,Vanilla,"","",$0.50,$0.00,$0.50,$0.00,vuIO4ASUupgowteHDJp9ik4eV,lfHQmZwX9jHqDd3roVn8JQB,CSSU's iPad,"",http://squareup.com/dashboard/sales/transactions/vuIO4ASUupgowteHDJp9ik4eV/by-unit/4YJMFSNQWK476,Payment,CSSU (charity),"","","",""
02/02/18,17:29:58,Eastern Time (US & Canada),Snacks,Ice Cream Sandwich,3.0,Vanilla,"","",$1.50,$0.00,$1.50,$0.00,1xq7sj9RoGMNXyFPfl98TFgeV,3GINuIxrodUCx2mUjiJRLQB,CSSU's iPad,"",http://squareup.com/dashboard/sales/transactions/1xq7sj9RoGMNXyFPfl98TFgeV/by-unit/4YJMFSNQWK476,Payment,CSSU (charity),"","","",""
02/02/18,17:26:42,Eastern Time (US & Canada),Snacks,Ice Cream Sandwich,2.0,Vanilla,"","",$1.00,$0.00,$1.00,$0.00,JNde31KQAQTpR2t1lg9Z31yeV,jgOv43lH7yba4pyhE1v9JQB,CSSU's iPad,"",http://squareup.com/dashboard/sales/transactions/JNde31KQAQTpR2t1lg9Z31yeV/by-unit/4YJMFSNQWK476,Payment,CSSU (charity),"","","",""
02/02/18,16:40:44,Eastern Time (US & Canada),Snacks,Ice Cream Sandwich,1.0,Vanilla,"","",$0.50,$0.00,$0.50,$0.00,32Ypeia7zt82t0gYx0efnLpeV,p3aMMyM63UaamIEyusAfLQB,CSSU's iPad,"",http://squareup.com/dashboard/sales/transactions/32Ypeia7zt82t0gYx0efnLpeV/by-unit/4YJMFSNQWK476,Payment,CSSU (charity),"","","",""
02/02/18,16:27:49,Eastern Time (US & Canada),Snacks,Ice Cream Sandwich,1.0,Vanilla,"","",$0.50,$0.00,$0.50,$0.00,pvIHb3N558SGW26heXwIMn3eV,F9M3GB6YU3ZUt0u9LWQ2KQB,CSSU's iPad,"",http://squareup.com/dashboard/sales/transactions/pvIHb3N558SGW26heXwIMn3eV/by-unit/4YJMFSNQWK476,Payment,CSSU (charity),"","","",""
02/02/18,16:25:33,Eastern Time (US & Canada),Snacks,Ice Cream Sandwich,2.0,Vanilla,"","",$1.00,$0.00,$1.00,$0.00,F56JHBpIHr96fLPZVbFFyaieV,5YNRyoxQ2Wg6yTFiwYdl7sMF,CSSU's iPad,"",http://squareup.com/dashboard/sales/transactions/F56JHBpIHr96fLPZVbFFyaieV/by-unit/4YJMFSNQWK476,Payment,CSSU (charity),"","","",""
02/02/18,16:24:34,Eastern Time (US & Canada),Snacks,Ice Cream Sandwich,1.0,Vanilla,"","",$0.50,$0.00,$0.50,$0.00,L4K2jaClYzDjJHWMYJcyDimeV,v4TJQULgez2w2W6AUImTKQB,CSSU's iPad,"",http://squareup.com/dashboard/sales/transactions/L4K2jaClYzDjJHWMYJcyDimeV/by-unit/4YJMFSNQWK476,Payment,CSSU (charity),"","","",""
02/02/18,16:24:05,Eastern Time (US & Canada),Snacks,Chips,1.0,"","","",$1.00,$0.00,$1.00,$0.00,5n60dY9Q6yQLLSMZzHd5YsxeV,lPdbOSA0VP9H5IzDPq4mKQB,CSSU's iPad,"",http://squareup.com/dashboard/sales/transactions/5n60dY9Q6yQLLSMZzHd5YsxeV/by-unit/4YJMFSNQWK476,Payment,CSSU (charity),"","","",""
02/02/18,16:24:05,Eastern Time (US & Canada),Snacks,Ice Cream Sandwich,1.0,Vanilla,"","",$0.50,$0.00,$0.50,$0.00,5n60dY9Q6yQLLSMZzHd5YsxeV,lPdbOSA0VP9H5IzDPq4mKQB,CSSU's iPad,"",http://squareup.com/dashboard/sales/transactions/5n60dY9Q6yQLLSMZzHd5YsxeV/by-unit/4YJMFSNQWK476,Payment,CSSU (charity),"","","",""
02/02/18,16:07:36,Eastern Time (US & Canada),Drinks,Arizona,1.0,"Regular Price, 500ml","","",$1.25,$0.00,$1.25,$0.00,RlPIq3bZr4490siazDrcMM3eV,s7nahz9EekQ2CC7TPpvUauMF,CSSU's iPad,"",http://squareup.com/dashboard/sales/transactions/RlPIq3bZr4490siazDrcMM3eV/by-unit/4YJMFSNQWK476,Payment,CSSU (charity),"","","",""
02/02/18,16:07:36,Eastern Time (US & Canada),Snacks,Ice Cream Sandwich,3.0,Vanilla,"","",$1.50,$0.00,$1.50,$0.00,RlPIq3bZr4490siazDrcMM3eV,s7nahz9EekQ2CC7TPpvUauMF,CSSU's iPad,"",http://squareup.com/dashboard/sales/transactions/RlPIq3bZr4490siazDrcMM3eV/by-unit/4YJMFSNQWK476,Payment,CSSU (charity),"","","",""
02/01/18,22:01:40,Eastern Time (US & Canada),Snacks,Ice Cream Sandwich,1.0,Vanilla,"","",$0.50,$0.00,$0.50,$0.00,pBxd4moICJVmuyjrzo3e4W9eV,7Qy6fIE6ldEEMZugl33VLQB,CSSU's iPad,"",http://squareup.com/dashboard/sales/transactions/pBxd4moICJVmuyjrzo3e4W9eV/by-unit/4YJMFSNQWK476,Payment,CSSU (charity),"","","",""
02/01/18,21:20:31,Eastern Time (US & Canada),Snacks,Ice Cream Sandwich,1.0,Vanilla,"","",$0.50,$0.00,$0.50,$0.00,HcTP0jk3e8gDVTvAZilb0yveV,lF8laY1Wgbc5C0WnkTzPLQB,CSSU's iPad,"",http://squareup.com/dashboard/sales/transactions/HcTP0jk3e8gDVTvAZilb0yveV/by-unit/4YJMFSNQWK476,Payment,CSSU (charity),"","","",""
02/01/18,21:17:58,Eastern Time (US & Canada),Snacks,Ice Cream Sandwich,2.0,Vanilla,"","",$1.00,$0.00,$1.00,$0.00,RPUQmpVQPR36svj5n0B7VsAfV,pjODC3wutGuYOoZAv5msKQB,CSSU's iPad,"",http://squareup.com/dashboard/sales/transactions/RPUQmpVQPR36svj5n0B7VsAfV/by-unit/4YJMFSNQWK476,Payment,CSSU (charity),"","","",""
02/01/18,21:11:27,Eastern Time (US & Canada),Snacks,Ice Cream Sandwich,1.0,Vanilla,"","",$0.50,$0.00,$0.50,$0.00,dNuzeOExtKIyRDOBlWgR3Y9eV,nQvswxlBrv2IQUwxjatNKQB,CSSU's iPad,"",http://squareup.com/dashboard/sales/transactions/dNuzeOExtKIyRDOBlWgR3Y9eV/by-unit/4YJMFSNQWK476,Payment,CSSU (charity),"","","",""
02/01/18,21:09:08,Eastern Time (US & Canada),Snacks,Ice Cream Sandwich,1.0,Vanilla,"","",$0.50,$0.00,$0.50,$0.00,L2zXTV102QhETLkxedgQvs5eV,v0jm6SsV8n3RlNb5clAMLQB,CSSU's iPad,"",http://squareup.com/dashboard/sales/transactions/L2zXTV102QhETLkxedgQvs5eV/by-unit/4YJMFSNQWK476,Payment,CSSU (charity),"","","",""
02/01/18,20:55:23,Eastern Time (US & Canada),Snacks,Ice Cream Sandwich,3.0,Vanilla,"","",$1.50,$0.00,$1.50,$0.00,3Gcf6c5DIsQ7O9oeZKhfqP3eV,vWciO4jr3qSE7Hkq5VDuKQB,CSSU's iPad,"",http://squareup.com/dashboard/sales/transactions/3Gcf6c5DIsQ7O9oeZKhfqP3eV/by-unit/4YJMFSNQWK476,Payment,CSSU (charity),"","","",""
02/01/18,20:46:36,Eastern Time (US & Canada),Snacks,Ice Cream Sandwich,1.0,Vanilla,"","",$0.50,$0.00,$0.50,$0.00,ZBJ72uBPqepiVtbgVIk0snseV,5X43hM8pUfTilmAyPAJ9KQB,CSSU's iPad,"",http://squareup.com/dashboard/sales/transactions/ZBJ72uBPqepiVtbgVIk0snseV/by-unit/4YJMFSNQWK476,Payment,CSSU (charity),"","","",""
02/01/18,18:39:33,Eastern Time (US & Canada),Drinks,Arizona,1.0,"Regular Price, 500ml","","",$1.25,$0.00,$1.25,$0.00,HummrmkrFRlFwpdNY4vztNreV,Ft2gOrV312aec09UJrY1JQB,CSSU's iPad,"",http://squareup.com/dashboard/sales/transactions/HummrmkrFRlFwpdNY4vztNreV/by-unit/4YJMFSNQWK476,Payment,CSSU (charity),"","","",""
02/01/18,18:39:33,Eastern Time (US & Canada),Snacks,Ice Cream Sandwich,2.0,Vanilla,"","",$1.00,$0.00,$1.00,$0.00,HummrmkrFRlFwpdNY4vztNreV,Ft2gOrV312aec09UJrY1JQB,CSSU's iPad,"",http://squareup.com/dashboard/sales/transactions/HummrmkrFRlFwpdNY4vztNreV/by-unit/4YJMFSNQWK476,Payment,CSSU (charity),"","","",""
02/01/18,18:38:01,Eastern Time (US & Canada),Snacks,Ice Cream Sandwich,2.0,Vanilla,"","",$1.00,$0.00,$1.00,$0.00,7GTjcHJWSd9QezHUNgJc2GAfV,KvAKNma9f6wmZq21t59ZpwMF,CSSU's iPad,"",http://squareup.com/dashboard/sales/transactions/7GTjcHJWSd9QezHUNgJc2GAfV/by-unit/4YJMFSNQWK476,Payment,CSSU (charity),"","","",""
02/01/18,17:15:47,Eastern Time (US & Canada),Snacks,Ice Cream Sandwich,1.0,Vanilla,"","",$0.50,$0.00,$0.50,$0.00,1zzBtD1Q4tmHvGOvcGtxGBxeV,ri3ocuyZcFOeR7yMlcBIKQB,CSSU's iPad,"",http://squareup.com/dashboard/sales/transactions/1zzBtD1Q4tmHvGOvcGtxGBxeV/by-unit/4YJMFSNQWK476,Payment,CSSU (charity),"","","",""
02/01/18,16:18:07,Eastern Time (US & Canada),Snacks,Chips,1.0,"","","",$1.00,$0.00,$1.00,$0.00,ttIeSv6mmbUNSr2LHe9pzwyeV,nwXmRCHx3GboD40wofbnKQB,CSSU's iPad,"",http://squareup.com/dashboard/sales/transactions/ttIeSv6mmbUNSr2LHe9pzwyeV/by-unit/4YJMFSNQWK476,Payment,CSSU (charity),"","","",""
02/01/18,16:18:07,Eastern Time (US & Canada),Snacks,Ice Cream Sandwich,1.0,Vanilla,"","",$0.50,$0.00,$0.50,$0.00,ttIeSv6mmbUNSr2LHe9pzwyeV,nwXmRCHx3GboD40wofbnKQB,CSSU's iPad,"",http://squareup.com/dashboard/sales/transactions/ttIeSv6mmbUNSr2LHe9pzwyeV/by-unit/4YJMFSNQWK476,Payment,CSSU (charity),"","","",""
02/01/18,16:17:25,Eastern Time (US & Canada),Snacks,Ice Cream Sandwich,1.0,Vanilla,"","",$0.50,$0.00,$0.50,$0.00,zQ4IbrC7pZk117IS5abWx6heV,jso7JpsMIksrLneuSyShKQB,CSSU's iPad,"",http://squareup.com/dashboard/sales/transactions/zQ4IbrC7pZk117IS5abWx6heV/by-unit/4YJMFSNQWK476,Payment,CSSU (charity),"","","",""
02/01/18,16:12:07,Eastern Time (US & Canada),Snacks,Ice Cream Sandwich,3.0,Vanilla,"","",$1.50,$0.00,$1.50,$0.00,91k8A0Di8rdjw5DpxI9alLweV,7cOLclsg5AMDsvCta36eKQB,CSSU's iPad,"",http://squareup.com/dashboard/sales/transactions/91k8A0Di8rdjw5DpxI9alLweV/by-unit/4YJMFSNQWK476,Payment,CSSU (charity),"","","",""
02/01/18,16:09:13,Eastern Time (US & Canada),Snacks,Ice Cream Sandwich,2.0,Vanilla,"","",$1.00,$0.00,$1.00,$0.00,pJbIk4vNpfVd6UPC1raETfzeV,gOjnZNpUNbSL48ml341k2wMF,CSSU's iPad,"",http://squareup.com/dashboard/sales/transactions/pJbIk4vNpfVd6UPC1raETfzeV/by-unit/4YJMFSNQWK476,Payment,CSSU (charity),"","","",""
02/01/18,15:59:32,Eastern Time (US & Canada),Chocolate & Candy,Maynards,1.0,Regular,"","",$1.50,$0.00,$1.50,$0.00,7yd7B6lYUZ0OdD0kHO0HmImeV,RRbZ1BokQIRjT4ZnPNVKKQB,CSSU's iPad,"",http://squareup.com/dashboard/sales/transactions/7yd7B6lYUZ0OdD0kHO0HmImeV/by-unit/4YJMFSNQWK476,Payment,CSSU (charity),"","","",""
02/01/18,15:59:32,Eastern Time (US & Canada),Snacks,Ice Cream Sandwich,1.0,Vanilla,"","",$0.50,$0.00,$0.50,$0.00,7yd7B6lYUZ0OdD0kHO0HmImeV,RRbZ1BokQIRjT4ZnPNVKKQB,CSSU's iPad,"",http://squareup.com/dashboard/sales/transactions/7yd7B6lYUZ0OdD0kHO0HmImeV/by-unit/4YJMFSNQWK476,Payment,CSSU (charity),"","","",""
02/01/18,15:06:52,Eastern Time (US & Canada),Snacks,Ice Cream Sandwich,1.0,Vanilla,"","",$0.50,$0.00,$0.50,$0.00,nwP2FVWN3TaXraiJaFUv3FkeV,HozUwNNNKISk8FECyqrLLQB,CSSU's iPad,"",http://squareup.com/dashboard/sales/transactions/nwP2FVWN3TaXraiJaFUv3FkeV/by-unit/4YJMFSNQWK476,Payment,CSSU (charity),"","","",""
02/01/18,15:00:05,Eastern Time (US & Canada),Snacks,Ice Cream Sandwich,1.0,Vanilla,"","",$0.50,$0.00,$0.50,$0.00,H0FW0CY0HipKi8y2vT689N4eV,VxGPbWUfyTF8riHF1dr4KQB,CSSU's iPad,"",http://squareup.com/dashboard/sales/transactions/H0FW0CY0HipKi8y2vT689N4eV/by-unit/4YJMFSNQWK476,Payment,CSSU (charity),"","","",""
02/01/18,14:59:40,Eastern Time (US & Canada),Snacks,Ice Cream Sandwich,2.0,Vanilla,"","",$1.00,$0.00,$1.00,$0.00,fKozbsP3CdYg5otLn4rXwFyeV,xPMObQXACJGGxP1cd8a6KQB,CSSU's iPad,"",http://squareup.com/dashboard/sales/transactions/fKozbsP3CdYg5otLn4rXwFyeV/by-unit/4YJMFSNQWK476,Payment,CSSU (charity),"","","",""
02/01/18,14:57:48,Eastern Time (US & Canada),Drinks,Pop,1.0,"Classic, 355ml","","",$1.00,$0.00,$1.00,$0.00,J5Teds4pbNH9CYiGckgW7E8eV,LWx2tEloUBW5RJRrLz5hKQB,CSSU's iPad,"",http://squareup.com/dashboard/sales/transactions/J5Teds4pbNH9CYiGckgW7E8eV/by-unit/4YJMFSNQWK476,Payment,CSSU (charity),"","","",""
02/01/18,14:57:48,Eastern Time (US & Canada),Snacks,Ice Cream Sandwich,1.0,Vanilla,"","",$0.50,$0.00,$0.50,$0.00,J5Teds4pbNH9CYiGckgW7E8eV,LWx2tEloUBW5RJRrLz5hKQB,CSSU's iPad,"",http://squareup.com/dashboard/sales/transactions/J5Teds4pbNH9CYiGckgW7E8eV/by-unit/4YJMFSNQWK476,Payment,CSSU (charity),"","","",""
02/01/18,14:54:14,Eastern Time (US & Canada),Snacks,Ice Cream Sandwich,2.0,Vanilla,"","",$1.00,$0.00,$1.00,$0.00,DmL4iYnx2mqgIIyNznXgA0weV,jiJGb2DEUQML1KuwYwrHKQB,CSSU's iPad,"",http://squareup.com/dashboard/sales/transactions/DmL4iYnx2mqgIIyNznXgA0weV/by-unit/4YJMFSNQWK476,Payment,CSSU (charity),"","","",""
02/01/18,14:20:41,Eastern Time (US & Canada),Snacks,Ice Cream Sandwich,2.0,Vanilla,"","",$1.00,$0.00,$1.00,$0.00,L6D2dKWPjnaetavGazjW46leV,jcSCOIMojTQu2fWZTMuFKQB,CSSU's iPad,"",http://squareup.com/dashboard/sales/transactions/L6D2dKWPjnaetavGazjW46leV/by-unit/4YJMFSNQWK476,Payment,CSSU (charity),"","","",""
01/31/18,20:35:16,Eastern Time (US & Canada),Snacks,Ice Cream Sandwich,1.0,Vanilla,"","",$0.50,$0.00,$0.50,$0.00,X6WDMrTRmGyo3LwvyTxT8Q2eV,jECIsvzz0goatCVIpEqEKQB,CSSU's iPad,"",http://squareup.com/dashboard/sales/transactions/X6WDMrTRmGyo3LwvyTxT8Q2eV/by-unit/4YJMFSNQWK476,Payment,CSSU (charity),"","","",""
01/31/18,20:24:14,Eastern Time (US & Canada),Snacks,Ice Cream Sandwich,1.0,Vanilla,"","",$0.50,$0.00,$0.50,$0.00,TWVLUvFUdRtJxClcRCgL5GfeV,phPQCUq8AgpWv4rfXtdELQB,CSSU's iPad,"",http://squareup.com/dashboard/sales/transactions/TWVLUvFUdRtJxClcRCgL5GfeV/by-unit/4YJMFSNQWK476,Payment,CSSU (charity),"","","",""
01/31/18,20:17:14,Eastern Time (US & Canada),Snacks,Ice Cream Sandwich,2.0,Vanilla,"","",$1.00,$0.00,$1.00,$0.00,j8KSgsVS2H9Tt6uMGUH4aBneV,dXden1MmVsm7qze2vMRbLQB,CSSU's iPad,"",http://squareup.com/dashboard/sales/transactions/j8KSgsVS2H9Tt6uMGUH4aBneV/by-unit/4YJMFSNQWK476,Payment,CSSU (charity),"","","",""
01/31/18,19:23:37,Eastern Time (US & Canada),Snacks,Ice Cream Sandwich,2.0,Vanilla,"","",$1.00,$0.00,$1.00,$0.00,NPrtVIDGm8huVo0CxzSo8o2eV,huTvIanYTNOMu4TvcQS1GzMF,CSSU's iPad,"",http://squareup.com/dashboard/sales/transactions/NPrtVIDGm8huVo0CxzSo8o2eV/by-unit/4YJMFSNQWK476,Payment,CSSU (charity),"","","",""
01/31/18,19:23:08,Eastern Time (US & Canada),Snacks,Ice Cream Sandwich,1.0,Vanilla,"","",$0.50,$0.00,$0.50,$0.00,XSUIyPLHwNNlIutj0SfmU9veV,d3PFU0f4HWKW7tJJbQ2yKQB,CSSU's iPad,"",http://squareup.com/dashboard/sales/transactions/XSUIyPLHwNNlIutj0SfmU9veV/by-unit/4YJMFSNQWK476,Payment,CSSU (charity),"","","",""
01/31/18,19:16:35,Eastern Time (US & Canada),Snacks,Ice Cream Sandwich,1.0,Vanilla,"","",$0.50,$0.00,$0.50,$0.00,fGenBVTghKFamqBrm6fOV7leV,ry34gHaIN5yLmwk2yXSyJQB,CSSU's iPad,"",http://squareup.com/dashboard/sales/transactions/fGenBVTghKFamqBrm6fOV7leV/by-unit/4YJMFSNQWK476,Payment,CSSU (charity),"","","",""
01/31/18,18:39:22,Eastern Time (US & Canada),Snacks,Ice Cream Sandwich,1.0,Vanilla,"","",$0.50,$0.00,$0.50,$0.00,FZAsLJdJWF7JP69ZvgQykg1eV,X6wC9zbcqjDj5WyGoQD1JQB,CSSU's iPad,"",http://squareup.com/dashboard/sales/transactions/FZAsLJdJWF7JP69ZvgQykg1eV/by-unit/4YJMFSNQWK476,Payment,CSSU (charity),"","","",""
01/31/18,18:39:04,Eastern Time (US & Canada),Snacks,Ice Cream Sandwich,3.0,Vanilla,"","",$1.50,$0.00,$1.50,$0.00,ldYXZ3M18K3HTjrEYgseHi2eV,jMc9t9PP3u9Hi2nHuiFGLQB,CSSU's iPad,"",http://squareup.com/dashboard/sales/transactions/ldYXZ3M18K3HTjrEYgseHi2eV/by-unit/4YJMFSNQWK476,Payment,CSSU (charity),"","","",""
01/31/18,18:18:29,Eastern Time (US & Canada),Snacks,Chips,1.0,"","","",$1.00,$0.00,$1.00,$0.00,r23veUI4PmnmsbQ0c2KIgXseV,zRv64JcDu41VNEJ0vlIeesMF,CSSU's iPad,"",http://squareup.com/dashboard/sales/transactions/r23veUI4PmnmsbQ0c2KIgXseV/by-unit/4YJMFSNQWK476,Payment,CSSU (charity),"","","",""
01/31/18,18:18:29,Eastern Time (US & Canada),Chocolate & Candy,Pocky,1.0,Chocolate,"","",$2.00,$0.00,$2.00,$0.00,r23veUI4PmnmsbQ0c2KIgXseV,zRv64JcDu41VNEJ0vlIeesMF,CSSU's iPad,"",http://squareup.com/dashboard/sales/transactions/r23veUI4PmnmsbQ0c2KIgXseV/by-unit/4YJMFSNQWK476,Payment,CSSU (charity),"","","",""
01/31/18,18:18:29,Eastern Time (US & Canada),Snacks,Ice Cream Sandwich,1.0,Vanilla,"","",$0.50,$0.00,$0.50,$0.00,r23veUI4PmnmsbQ0c2KIgXseV,zRv64JcDu41VNEJ0vlIeesMF,CSSU's iPad,"",http://squareup.com/dashboard/sales/transactions/r23veUI4PmnmsbQ0c2KIgXseV/by-unit/4YJMFSNQWK476,Payment,CSSU (charity),"","","",""
01/31/18,18:16:43,Eastern Time (US & Canada),Snacks,Ice Cream Sandwich,1.0,Vanilla,"","",$0.50,$0.00,$0.50,$0.00,nKw6md1he3kdWcM9Ci7C3rreV,tLFxcFyMwae7IQLvuIMuKQB,CSSU's iPad,"",http://squareup.com/dashboard/sales/transactions/nKw6md1he3kdWcM9Ci7C3rreV/by-unit/4YJMFSNQWK476,Payment,CSSU (charity),"","","",""
01/31/18,18:01:43,Eastern Time (US & Canada),Snacks,Ice Cream Sandwich,1.0,Vanilla,"","",$0.50,$0.00,$0.50,$0.00,Np6Qu8BOigwAOoKAbz7Y76feV,9LF1r0kn45hJiLBmIiR4JQB,CSSU's iPad,"",http://squareup.com/dashboard/sales/transactions/Np6Qu8BOigwAOoKAbz7Y76feV/by-unit/4YJMFSNQWK476,Payment,CSSU (charity),"","","",""
01/31/18,17:31:49,Eastern Time (US & Canada),Snacks,Ice Cream Sandwich,1.0,Vanilla,"","",$0.50,$0.00,$0.50,$0.00,rWVmKMbdqsDuJjwxp8qugcleV,FNSWeT13NTcSTXhuRNnJKQB,CSSU's iPad,"",http://squareup.com/dashboard/sales/transactions/rWVmKMbdqsDuJjwxp8qugcleV/by-unit/4YJMFSNQWK476,Payment,CSSU (charity),"","","",""
01/31/18,16:33:23,Eastern Time (US & Canada),Snacks,Ice Cream Sandwich,2.0,Vanilla,"","",$1.00,$0.00,$1.00,$0.00,zyVY8398G6f69IsFCNJSyCveV,mMcguHQsQtwOIxJQS8ydHuMF,CSSU's iPad,"",http://squareup.com/dashboard/sales/transactions/zyVY8398G6f69IsFCNJSyCveV/by-unit/4YJMFSNQWK476,Payment,CSSU (charity),"","","",""
01/31/18,16:29:00,Eastern Time (US & Canada),Snacks,Ice Cream Sandwich,1.0,Vanilla,"","",$0.50,$0.00,$0.50,$0.00,vgZOKyPY8GjJ5re9qkMwTQleV,XEhIj8a10ULD3XHWV0ZzJQB,CSSU's iPad,"",http://squareup.com/dashboard/sales/transactions/vgZOKyPY8GjJ5re9qkMwTQleV/by-unit/4YJMFSNQWK476,Payment,CSSU (charity),"","","",""
01/31/18,15:56:59,Eastern Time (US & Canada),Snacks,Ice Cream Sandwich,1.0,Vanilla,"","",$0.50,$0.00,$0.50,$0.00,dHJshvFOr5Guha6ab8S4R3yeV,JtpE7xw4jW2G6RFIFICaKQB,CSSU's iPad,"",http://squareup.com/dashboard/sales/transactions/dHJshvFOr5Guha6ab8S4R3yeV/by-unit/4YJMFSNQWK476,Payment,CSSU (charity),"","","",""
01/31/18,15:56:48,Eastern Time (US & Canada),Snacks,Ice Cream Sandwich,1.0,Vanilla,"","",$0.50,$0.00,$0.50,$0.00,NZOE77CowxcBoxvnYYI7OfkeV,lDZWfQKOYVNbifaA34XPKQB,CSSU's iPad,"",http://squareup.com/dashboard/sales/transactions/NZOE77CowxcBoxvnYYI7OfkeV/by-unit/4YJMFSNQWK476,Payment,CSSU (charity),"","","",""
01/31/18,15:56:48,Eastern Time (US & Canada),Drinks,Jarritos,1.0,Mango,"","",$2.00,$0.00,$2.00,$0.00,NZOE77CowxcBoxvnYYI7OfkeV,lDZWfQKOYVNbifaA34XPKQB,CSSU's iPad,"",http://squareup.com/dashboard/sales/transactions/NZOE77CowxcBoxvnYYI7OfkeV/by-unit/4YJMFSNQWK476,Payment,CSSU (charity),"","","",""
01/31/18,15:55:23,Eastern Time (US & Canada),Snacks,Ice Cream Sandwich,2.0,Vanilla,"","",$1.00,$0.00,$1.00,$0.00,B1dpu1XcxUBzKY1M3002ECqeV,NxyCKOiiYOfchv0MDeHdLQB,CSSU's iPad,"",http://squareup.com/dashboard/sales/transactions/B1dpu1XcxUBzKY1M3002ECqeV/by-unit/4YJMFSNQWK476,Payment,CSSU (charity),"","","",""
01/31/18,15:54:42,Eastern Time (US & Canada),Snacks,Ice Cream Sandwich,2.0,Vanilla,"","",$1.00,$0.00,$1.00,$0.00,ZRDC9GXoxbynXJA3SnLCZLveV,hXg0js1fgSgzL2QU4fwAKQB,CSSU's iPad,"",http://squareup.com/dashboard/sales/transactions/ZRDC9GXoxbynXJA3SnLCZLveV/by-unit/4YJMFSNQWK476,Payment,CSSU (charity),"","","",""
01/31/18,15:07:49,Eastern Time (US & Canada),Snacks,Ice Cream Sandwich,1.0,Vanilla,"","",$0.50,$0.00,$0.50,$0.00,7ePxjZZZY0UPBe5kswW6jh6eV,p19AJevPr9vJnk8zzhIGLQB,CSSU's iPad,"",http://squareup.com/dashboard/sales/transactions/7ePxjZZZY0UPBe5kswW6jh6eV/by-unit/4YJMFSNQWK476,Payment,CSSU (charity),"","","",""
01/31/18,15:07:02,Eastern Time (US & Canada),Drinks,Jarritos,1.0,Mango,"","",$2.00,$0.00,$2.00,$0.00,H6kgUjGCifCHnyt5Oi2vRxleV,jOddLyKCa6od13Ze2LT8JQB,CSSU's iPad,"",http://squareup.com/dashboard/sales/transactions/H6kgUjGCifCHnyt5Oi2vRxleV/by-unit/4YJMFSNQWK476,Payment,CSSU (charity),"","","",""
01/31/18,15:07:02,Eastern Time (US & Canada),Snacks,Ice Cream Sandwich,1.0,Vanilla,"","",$0.50,$0.00,$0.50,$0.00,H6kgUjGCifCHnyt5Oi2vRxleV,jOddLyKCa6od13Ze2LT8JQB,CSSU's iPad,"",http://squareup.com/dashboard/sales/transactions/H6kgUjGCifCHnyt5Oi2vRxleV/by-unit/4YJMFSNQWK476,Payment,CSSU (charity),"","","",""
01/31/18,14:56:01,Eastern Time (US & Canada),Snacks,Ice Cream Sandwich,1.0,Vanilla,"","",$0.50,$0.00,$0.50,$0.00,lpybQI4mVX1zMyUaPNTQ9HneV,ywd3SDNH3nmddcUhotdQSzMF,CSSU's iPad,"",http://squareup.com/dashboard/sales/transactions/lpybQI4mVX1zMyUaPNTQ9HneV/by-unit/4YJMFSNQWK476,Payment,CSSU (charity),"","","",""
01/31/18,14:56:01,Eastern Time (US & Canada),Chocolate & Candy,Maynards,1.0,Regular,"","",$1.50,$0.00,$1.50,$0.00,lpybQI4mVX1zMyUaPNTQ9HneV,ywd3SDNH3nmddcUhotdQSzMF,CSSU's iPad,"",http://squareup.com/dashboard/sales/transactions/lpybQI4mVX1zMyUaPNTQ9HneV/by-unit/4YJMFSNQWK476,Payment,CSSU (charity),"","","",""
01/30/18,22:46:15,Eastern Time (US & Canada),Snacks,Ice Cream Sandwich,1.0,Vanilla,"","",$0.50,$0.00,$0.50,$0.00,VVg102uujKr0kQPDI6PfpLreV,72LplmVev0KdqrnbuXsZKQB,CSSU's iPad,"",http://squareup.com/dashboard/sales/transactions/VVg102uujKr0kQPDI6PfpLreV/by-unit/4YJMFSNQWK476,Payment,CSSU (charity),"","","",""
01/30/18,22:35:38,Eastern Time (US & Canada),Snacks,Ice Cream Sandwich,2.0,Vanilla,"","",$1.00,$0.00,$1.00,$0.00,Rlh9u8Uot6zbkPQNcVAh3hveV,x7GiiFg8ERSSw5OeBCYlKQB,CSSU's iPad,"",http://squareup.com/dashboard/sales/transactions/Rlh9u8Uot6zbkPQNcVAh3hveV/by-unit/4YJMFSNQWK476,Payment,CSSU (charity),"","","",""
01/30/18,21:58:22,Eastern Time (US & Canada),Snacks,Ice Cream Sandwich,2.0,Vanilla,"","",$1.00,$0.00,$1.00,$0.00,tloqdgNd64zp773Qi9USyC0eV,hvqLB1XumFnVAX8zLbUDKQB,CSSU's iPad,"",http://squareup.com/dashboard/sales/transactions/tloqdgNd64zp773Qi9USyC0eV/by-unit/4YJMFSNQWK476,Payment,CSSU (charity),"","","",""
01/30/18,21:57:25,Eastern Time (US & Canada),Snacks,Ice Cream Sandwich,2.0,Vanilla,"","",$1.00,$0.00,$1.00,$0.00,xBDLU3UvL3QxmUZgZnK37JkeV,NSCqzrbhT9gLQIvoIvFj1tMF,CSSU's iPad,"",http://squareup.com/dashboard/sales/transactions/xBDLU3UvL3QxmUZgZnK37JkeV/by-unit/4YJMFSNQWK476,Payment,CSSU (charity),"","","",""
01/30/18,21:31:29,Eastern Time (US & Canada),Snacks,Ice Cream Sandwich,1.0,Vanilla,"","",$0.50,$0.00,$0.50,$0.00,PqeER5EN6UBz6YKbq4RDUNneV,LOZcBu9t6MFcywxtF7dJLQB,CSSU's iPad,"",http://squareup.com/dashboard/sales/transactions/PqeER5EN6UBz6YKbq4RDUNneV/by-unit/4YJMFSNQWK476,Payment,CSSU (charity),"","","",""
01/30/18,21:30:37,Eastern Time (US & Canada),Snacks,Ice Cream Sandwich,1.0,Vanilla,"","",$0.50,$0.00,$0.50,$0.00,drFNHpUDq9UQ6ioELUiVrkveV,FpWfdZeFTEpnaaxhBDaaLQB,CSSU's iPad,"",http://squareup.com/dashboard/sales/transactions/drFNHpUDq9UQ6ioELUiVrkveV/by-unit/4YJMFSNQWK476,Payment,CSSU (charity),"","","",""
01/30/18,21:08:37,Eastern Time (US & Canada),Snacks,Ice Cream Sandwich,1.0,Vanilla,"","",$0.50,$0.00,$0.50,$0.00,prOTpwX1a6juPtyQ3yEzQT0eV,hvLtzuf05VWIc7r2UYOR6xMF,CSSU's iPad,"",http://squareup.com/dashboard/sales/transactions/prOTpwX1a6juPtyQ3yEzQT0eV/by-unit/4YJMFSNQWK476,Payment,CSSU (charity),"","","",""
01/30/18,21:08:37,Eastern Time (US & Canada),Snacks,Chips,1.0,"","","",$1.00,$0.00,$1.00,$0.00,prOTpwX1a6juPtyQ3yEzQT0eV,hvLtzuf05VWIc7r2UYOR6xMF,CSSU's iPad,"",http://squareup.com/dashboard/sales/transactions/prOTpwX1a6juPtyQ3yEzQT0eV/by-unit/4YJMFSNQWK476,Payment,CSSU (charity),"","","",""
01/30/18,21:08:03,Eastern Time (US & Canada),Snacks,Ice Cream Sandwich,-1.0,Vanilla,"","",$-0.50,$0.00,$-0.50,$0.00,3ak4TgOmCzHyo6u8qKkUhjweV,F9WyZFEDXJGQBwQYuyzPKQB,CSSU's iPad,Cancelled Order,http://squareup.com/dashboard/sales/transactions/3ak4TgOmCzHyo6u8qKkUhjweV/by-unit/4YJMFSNQWK476,Refund,CSSU (charity),,"","",""
01/30/18,21:07:41,Eastern Time (US & Canada),Snacks,Ice Cream Sandwich,1.0,Vanilla,"","",$0.50,$0.00,$0.50,$0.00,dn33N8qHQ8MQMq1nd9L8OZ1eV,F9WyZFEDXJGQBwQYuyzPKQB,CSSU's iPad,"",http://squareup.com/dashboard/sales/transactions/dn33N8qHQ8MQMq1nd9L8OZ1eV/by-unit/4YJMFSNQWK476,Payment,CSSU (charity),"","","",""
01/30/18,19:46:40,Eastern Time (US & Canada),Snacks,Ice Cream Sandwich,1.0,Vanilla,"","",$0.50,$0.00,$0.50,$0.00,X8NaeFfm4BMdZbFIktwcEFjeV,VHrOufGNO3IqGIjTNVqSKQB,CSSU's iPad,"",http://squareup.com/dashboard/sales/transactions/X8NaeFfm4BMdZbFIktwcEFjeV/by-unit/4YJMFSNQWK476,Payment,CSSU (charity),"","","",""
01/30/18,17:54:48,Eastern Time (US & Canada),Drinks,Perrier (Glass Bottle),2.0,Regular Price,"","",$3.00,$0.00,$3.00,$0.00,L8i76RXPzALdth5AujJ2V1jeV,fgbb1ILXSr3SOvRzuLZPLQB,CSSU's iPad,"",http://squareup.com/dashboard/sales/transactions/L8i76RXPzALdth5AujJ2V1jeV/by-unit/4YJMFSNQWK476,Payment,CSSU (charity),"","","",""
01/30/18,17:54:48,Eastern Time (US & Canada),Snacks,Ice Cream Sandwich,1.0,Vanilla,"","",$0.50,$0.00,$0.50,$0.00,L8i76RXPzALdth5AujJ2V1jeV,fgbb1ILXSr3SOvRzuLZPLQB,CSSU's iPad,"",http://squareup.com/dashboard/sales/transactions/L8i76RXPzALdth5AujJ2V1jeV/by-unit/4YJMFSNQWK476,Payment,CSSU (charity),"","","",""
01/30/18,13:18:59,Eastern Time (US & Canada),Snacks,Ice Cream Sandwich,1.0,Vanilla,"","",$0.50,$0.00,$0.50,$0.00,ziZSmR41e0ftIQlBA3vo49reV,dNL2jvbVNzdVDDyDRlI7vyMF,CSSU's iPad,"",http://squareup.com/dashboard/sales/transactions/ziZSmR41e0ftIQlBA3vo49reV/by-unit/4YJMFSNQWK476,Payment,CSSU (charity),"","","",""
01/30/18,13:18:59,Eastern Time (US & Canada),Drinks,Arizona,1.0,"Regular Price, 500ml","","",$1.25,$0.00,$1.25,$0.00,ziZSmR41e0ftIQlBA3vo49reV,dNL2jvbVNzdVDDyDRlI7vyMF,CSSU's iPad,"",http://squareup.com/dashboard/sales/transactions/ziZSmR41e0ftIQlBA3vo49reV/by-unit/4YJMFSNQWK476,Payment,CSSU (charity),"","","",""
01/30/18,13:18:59,Eastern Time (US & Canada),Chocolate & Candy,Chocolates,1.0,"","","",$1.50,$0.00,$1.50,$0.00,ziZSmR41e0ftIQlBA3vo49reV,dNL2jvbVNzdVDDyDRlI7vyMF,CSSU's iPad,"",http://squareup.com/dashboard/sales/transactions/ziZSmR41e0ftIQlBA3vo49reV/by-unit/4YJMFSNQWK476,Payment,CSSU (charity),"","","",""
01/30/18,13:07:07,Eastern Time (US & Canada),Snacks,Ice Cream Sandwich,1.0,Vanilla,"","",$0.50,$0.00,$0.50,$0.00,tj9jGb6gdVo1P2uEtIw9S9seV,T08JFjFTDKJQQYIukt1lLQB,CSSU's iPad,"",http://squareup.com/dashboard/sales/transactions/tj9jGb6gdVo1P2uEtIw9S9seV/by-unit/4YJMFSNQWK476,Payment,CSSU (charity),"","","",""
01/29/18,22:31:41,Eastern Time (US & Canada),Snacks,Ice Cream Sandwich,1.0,Chocolate Chip,"","",$0.50,$0.00,$0.50,$0.00,lZqXWkS9xnY4rr36vv4bwB3eV,PmmHmw4QKNviiSt0W4sSKQB,CSSU's iPad,"",http://squareup.com/dashboard/sales/transactions/lZqXWkS9xnY4rr36vv4bwB3eV/by-unit/4YJMFSNQWK476,Payment,CSSU (charity),"","","",""
01/29/18,21:52:34,Eastern Time (US & Canada),Snacks,Ice Cream Sandwich,1.0,Vanilla,"","",$0.50,$0.00,$0.50,$0.00,z21Z3MZj9gSqRLBZE4k7Fp0eV,R1hRKYCO5qJtl8NDO6lGLQB,CSSU's iPad,"",http://squareup.com/dashboard/sales/transactions/z21Z3MZj9gSqRLBZE4k7Fp0eV/by-unit/4YJMFSNQWK476,Payment,CSSU (charity),"","","",""
01/29/18,20:47:55,Eastern Time (US & Canada),Snacks,Ice Cream Sandwich,1.0,Chocolate Chip,"","",$0.50,$0.00,$0.50,$0.00,VZU6INCI7TrZhQqdcyqHcB1eV,Vdsdsnv3XCyGB7c4ep68KQB,CSSU's iPad,"",http://squareup.com/dashboard/sales/transactions/VZU6INCI7TrZhQqdcyqHcB1eV/by-unit/4YJMFSNQWK476,Payment,CSSU (charity),"","","",""
01/29/18,19:20:54,Eastern Time (US & Canada),Snacks,Ice Cream Sandwich,1.0,Vanilla,"","",$0.50,$0.00,$0.50,$0.00,t774eQGWK6uNdT44zecbknreV,b6TmweG2zxJBCpg4qcYMLQB,CSSU's iPad,"",http://squareup.com/dashboard/sales/transactions/t774eQGWK6uNdT44zecbknreV/by-unit/4YJMFSNQWK476,Payment,CSSU (charity),"","","",""
01/29/18,19:20:54,Eastern Time (US & Canada),Drinks,Pop,1.0,"Classic, 355ml","","",$1.00,$0.00,$1.00,$0.00,t774eQGWK6uNdT44zecbknreV,b6TmweG2zxJBCpg4qcYMLQB,CSSU's iPad,"",http://squareup.com/dashboard/sales/transactions/t774eQGWK6uNdT44zecbknreV/by-unit/4YJMFSNQWK476,Payment,CSSU (charity),"","","",""
01/29/18,19:01:13,Eastern Time (US & Canada),Snacks,Ice Cream Sandwich,1.0,Chocolate,"","",$0.50,$0.00,$0.50,$0.00,bAu4tNVX99VyrITkBQ2s5LheV,kRBgeVNpMadbvoRfzA1tZxMF,CSSU's iPad,"",http://squareup.com/dashboard/sales/transactions/bAu4tNVX99VyrITkBQ2s5LheV/by-unit/4YJMFSNQWK476,Payment,CSSU (charity),"","","",""
01/29/18,19:01:13,Eastern Time (US & Canada),Chocolate & Candy,Maynards,1.0,Regular,"","",$1.50,$0.00,$1.50,$0.00,bAu4tNVX99VyrITkBQ2s5LheV,kRBgeVNpMadbvoRfzA1tZxMF,CSSU's iPad,"",http://squareup.com/dashboard/sales/transactions/bAu4tNVX99VyrITkBQ2s5LheV/by-unit/4YJMFSNQWK476,Payment,CSSU (charity),"","","",""
01/29/18,18:29:22,Eastern Time (US & Canada),Snacks,Ice Cream Sandwich,1.0,Vanilla,"","",$0.50,$0.00,$0.50,$0.00,VrLvREpKWSNvsszIzd3vq29eV,jA2vq7LxLE9V356unPhkKQB,CSSU's iPad,"",http://squareup.com/dashboard/sales/transactions/VrLvREpKWSNvsszIzd3vq29eV/by-unit/4YJMFSNQWK476,Payment,CSSU (charity),"","","",""
01/29/18,18:29:02,Eastern Time (US & Canada),Snacks,Ice Cream Sandwich,2.0,Chocolate,"","",$1.00,$0.00,$1.00,$0.00,xPa1d5nWAL8w3ph9Hb5wNaueV,PInxPweHD63vSciFPB4wJQB,CSSU's iPad,"",http://squareup.com/dashboard/sales/transactions/xPa1d5nWAL8w3ph9Hb5wNaueV/by-unit/4YJMFSNQWK476,Payment,CSSU (charity),"","","",""
01/29/18,17:00:21,Eastern Time (US & Canada),Snacks,Ice Cream Sandwich,1.0,Vanilla,"","",$0.50,$0.00,$0.50,$0.00,F56f2x00ITqVaey3PU0KRPseV,1DrNBW2gbKCefV4KRgnNLQB,CSSU's iPad,"",http://squareup.com/dashboard/sales/transactions/F56f2x00ITqVaey3PU0KRPseV/by-unit/4YJMFSNQWK476,Payment,CSSU (charity),"","","",""
01/29/18,16:54:02,Eastern Time (US & Canada),Snacks,Ice Cream Sandwich,1.0,Vanilla,"","",$0.50,$0.00,$0.50,$0.00,5R5bQPo14KvaqwJRaxuJ4UteV,xZjZidILmEZRbplx7libKQB,CSSU's iPad,"",http://squareup.com/dashboard/sales/transactions/5R5bQPo14KvaqwJRaxuJ4UteV/by-unit/4YJMFSNQWK476,Payment,CSSU (charity),"","","",""
01/29/18,15:40:31,Eastern Time (US & Canada),Snacks,Ice Cream Sandwich,1.0,Vanilla,"","",$0.50,$0.00,$0.50,$0.00,P452JHyyeOuIHdqrOQCPJhteV,NRmGNjaX38zUZwdOO7HeLQB,CSSU's iPad,"",http://squareup.com/dashboard/sales/transactions/P452JHyyeOuIHdqrOQCPJhteV/by-unit/4YJMFSNQWK476,Payment,CSSU (charity),"","","",""
01/29/18,15:16:45,Eastern Time (US & Canada),Drinks,Pop,1.0,"Classic, 355ml","","",$1.00,$0.00,$1.00,$0.00,PwhMjcWoWLssnWS8oXOXE5weV,lxOzKKgulCyUcjz2yAqTLQB,CSSU's iPad,"",http://squareup.com/dashboard/sales/transactions/PwhMjcWoWLssnWS8oXOXE5weV/by-unit/4YJMFSNQWK476,Payment,CSSU (charity),"","","",""
01/29/18,15:16:45,Eastern Time (US & Canada),Drinks,Coco Water,1.0,Regular,"","",$2.00,$0.00,$2.00,$0.00,PwhMjcWoWLssnWS8oXOXE5weV,lxOzKKgulCyUcjz2yAqTLQB,CSSU's iPad,"",http://squareup.com/dashboard/sales/transactions/PwhMjcWoWLssnWS8oXOXE5weV/by-unit/4YJMFSNQWK476,Payment,CSSU (charity),"","","",""
01/29/18,15:16:45,Eastern Time (US & Canada),Snacks,Ice Cream Sandwich,1.0,Vanilla,"","",$0.50,$0.00,$0.50,$0.00,PwhMjcWoWLssnWS8oXOXE5weV,lxOzKKgulCyUcjz2yAqTLQB,CSSU's iPad,"",http://squareup.com/dashboard/sales/transactions/PwhMjcWoWLssnWS8oXOXE5weV/by-unit/4YJMFSNQWK476,Payment,CSSU (charity),"","","",""
01/29/18,15:00:02,Eastern Time (US & Canada),Snacks,Ice Cream Sandwich,1.0,Chocolate Chip,"","",$0.50,$0.00,$0.50,$0.00,nsl848KGTc454q2S4PJjZxreV,cBST3drrogYL0Jp6Hw3UQuMF,CSSU's iPad,"",http://squareup.com/dashboard/sales/transactions/nsl848KGTc454q2S4PJjZxreV/by-unit/4YJMFSNQWK476,Payment,CSSU (charity),"",A3CS7HXTX579EN4EYV41AF5XRR,Julian Mazzitelli,""
01/29/18,15:00:02,Eastern Time (US & Canada),Snacks,Ice Cream Sandwich,1.0,Vanilla,"","",$0.50,$0.00,$0.50,$0.00,nsl848KGTc454q2S4PJjZxreV,cBST3drrogYL0Jp6Hw3UQuMF,CSSU's iPad,"",http://squareup.com/dashboard/sales/transactions/nsl848KGTc454q2S4PJjZxreV/by-unit/4YJMFSNQWK476,Payment,CSSU (charity),"",A3CS7HXTX579EN4EYV41AF5XRR,Julian Mazzitelli,""
01/29/18,14:54:21,Eastern Time (US & Canada),Snacks,Ice Cream Sandwich,1.0,Vanilla,"","",$0.50,$0.00,$0.50,$0.00,DsykTgcXktW6oRLWa4va7dzeV,fMjyQMYhnxe4ZgpOiDWBLQB,CSSU's iPad,"",http://squareup.com/dashboard/sales/transactions/DsykTgcXktW6oRLWa4va7dzeV/by-unit/4YJMFSNQWK476,Payment,CSSU (charity),"","","",""
01/29/18,14:54:21,Eastern Time (US & Canada),Drinks,Perrier (Glass Bottle),1.0,Regular Price,"","",$1.50,$0.00,$1.50,$0.00,DsykTgcXktW6oRLWa4va7dzeV,fMjyQMYhnxe4ZgpOiDWBLQB,CSSU's iPad,"",http://squareup.com/dashboard/sales/transactions/DsykTgcXktW6oRLWa4va7dzeV/by-unit/4YJMFSNQWK476,Payment,CSSU (charity),"","","",""
01/29/18,11:46:22,Eastern Time (US & Canada),Snacks,Ice Cream Sandwich,1.0,Chocolate Chip,"","",$0.50,$0.00,$0.50,$0.00,jsqqmaHIyJPfmcciukbTOwneV,TsWANjo5YycW5moT4I99KQB,CSSU's iPad,"",http://squareup.com/dashboard/sales/transactions/jsqqmaHIyJPfmcciukbTOwneV/by-unit/4YJMFSNQWK476,Payment,CSSU (charity),"","","",""
01/28/18,18:59:38,Eastern Time (US & Canada),Snacks,Ice Cream Sandwich,1.0,Vanilla,"","",$0.50,$0.00,$0.50,$0.00,hBvDI8WPjdJXRjmDmIXlKIneV,937DiIiOA0owBQ561F0WKQB,CSSU's iPad,"",http://squareup.com/dashboard/sales/transactions/hBvDI8WPjdJXRjmDmIXlKIneV/by-unit/4YJMFSNQWK476,Payment,CSSU (charity),"","","",""
01/26/18,22:54:16,Eastern Time (US & Canada),Snacks,Ice Cream Sandwich,1.0,Vanilla,"","",$0.50,$0.00,$0.50,$0.00,lfTiuwj5yf8WJ56vd4bw79peV,FFUD9WAdI3DbHyqJUE13KQB,CSSU's iPad,"",http://squareup.com/dashboard/sales/transactions/lfTiuwj5yf8WJ56vd4bw79peV/by-unit/4YJMFSNQWK476,Payment,CSSU (charity),"","","",""
01/26/18,18:32:41,Eastern Time (US & Canada),Snacks,Ice Cream Sandwich,1.0,Chocolate Chip,"","",$0.50,$0.00,$0.50,$0.00,BtZTRIFc3jKPnafkX4hvZzqeV,hDYBTPAvll3rTZQZwpCDLQB,CSSU's iPad,"",http://squareup.com/dashboard/sales/transactions/BtZTRIFc3jKPnafkX4hvZzqeV/by-unit/4YJMFSNQWK476,Payment,CSSU (charity),"","","",""
01/26/18,17:24:33,Eastern Time (US & Canada),Snacks,Ice Cream Sandwich,1.0,Vanilla,"","",$0.50,$0.00,$0.50,$0.00,FBCzjHGH09lsMftM780rJeweV,NDHwgLcET3MBiOcX79D0JQB,CSSU's iPad,"",http://squareup.com/dashboard/sales/transactions/FBCzjHGH09lsMftM780rJeweV/by-unit/4YJMFSNQWK476,Payment,CSSU (charity),"","","",""
01/26/18,15:39:37,Eastern Time (US & Canada),Drinks,Arizona,1.0,"Regular Price, 500ml","","",$1.25,$0.00,$1.25,$0.00,Xy6LkEwlajZ0oxbPNAUlQCxeV,9P1KwXc15sCTfbjXmTyiLQB,CSSU's iPad,"",http://squareup.com/dashboard/sales/transactions/Xy6LkEwlajZ0oxbPNAUlQCxeV/by-unit/4YJMFSNQWK476,Payment,CSSU (charity),"","","",""
01/26/18,15:39:37,Eastern Time (US & Canada),Snacks,Ice Cream Sandwich,2.0,Vanilla,"","",$1.00,$0.00,$1.00,$0.00,Xy6LkEwlajZ0oxbPNAUlQCxeV,9P1KwXc15sCTfbjXmTyiLQB,CSSU's iPad,"",http://squareup.com/dashboard/sales/transactions/Xy6LkEwlajZ0oxbPNAUlQCxeV/by-unit/4YJMFSNQWK476,Payment,CSSU (charity),"","","",""
01/26/18,15:12:00,Eastern Time (US & Canada),Snacks,Ice Cream Sandwich,2.0,Vanilla,"","",$1.00,$0.00,$1.00,$0.00,Jng97cfeptkJrBGNXGg2pemeV,UEhiiLx9mXY8BddbxVyY6sMF,CSSU's iPad,"",http://squareup.com/dashboard/sales/transactions/Jng97cfeptkJrBGNXGg2pemeV/by-unit/4YJMFSNQWK476,Payment,CSSU (charity),"","","",""
01/26/18,14:37:33,Eastern Time (US & Canada),Drinks,Arizona,1.0,"Regular Price, 500ml","","",$1.25,$0.00,$1.25,$0.00,rWTrb58YLMszYvd0wOn8VW3eV,NpEJ0iTPKiTmOQ2YUMWULQB,CSSU's iPad,"",http://squareup.com/dashboard/sales/transactions/rWTrb58YLMszYvd0wOn8VW3eV/by-unit/4YJMFSNQWK476,Payment,CSSU (charity),"","","",""
01/26/18,14:37:33,Eastern Time (US & Canada),Snacks,Ice Cream Sandwich,1.0,Vanilla,"","",$0.50,$0.00,$0.50,$0.00,rWTrb58YLMszYvd0wOn8VW3eV,NpEJ0iTPKiTmOQ2YUMWULQB,CSSU's iPad,"",http://squareup.com/dashboard/sales/transactions/rWTrb58YLMszYvd0wOn8VW3eV/by-unit/4YJMFSNQWK476,Payment,CSSU (charity),"","","",""
01/26/18,14:10:01,Eastern Time (US & Canada),Snacks,Ice Cream Sandwich,1.0,Vanilla,"","",$0.50,$0.00,$0.50,$0.00,7ef5BSgOg96DtdHSQ10Z6q8eV,l3RJJibdjQo1rNWKEznILQB,CSSU's iPad,"",http://squareup.com/dashboard/sales/transactions/7ef5BSgOg96DtdHSQ10Z6q8eV/by-unit/4YJMFSNQWK476,Payment,CSSU (charity),"","","",""
01/25/18,23:07:14,Eastern Time (US & Canada),Chocolate & Candy,Chocolates,1.0,"","","",$1.50,$0.00,$1.50,$0.00,78KVa7AzjmSJxzVvwjdXHBkeV,d1MEcYZSIbBvb80apxBKLQB,CSSU's iPad,"",http://squareup.com/dashboard/sales/transactions/78KVa7AzjmSJxzVvwjdXHBkeV/by-unit/4YJMFSNQWK476,Payment,CSSU (charity),"","","",""
01/25/18,23:07:14,Eastern Time (US & Canada),Snacks,Ice Cream Sandwich,1.0,Chocolate Chip,"","",$0.50,$0.00,$0.50,$0.00,78KVa7AzjmSJxzVvwjdXHBkeV,d1MEcYZSIbBvb80apxBKLQB,CSSU's iPad,"",http://squareup.com/dashboard/sales/transactions/78KVa7AzjmSJxzVvwjdXHBkeV/by-unit/4YJMFSNQWK476,Payment,CSSU (charity),"","","",""
01/25/18,22:40:03,Eastern Time (US & Canada),Snacks,Ice Cream Sandwich,1.0,Chocolate Chip,"","",$0.50,$0.00,$0.50,$0.00,r4qEIaMxDOYGS3M87lDSuqmeV,PzgoA8gUuWHItENnKNA9wsMF,CSSU's iPad,"",http://squareup.com/dashboard/sales/transactions/r4qEIaMxDOYGS3M87lDSuqmeV/by-unit/4YJMFSNQWK476,Payment,CSSU (charity),"","","",""
01/25/18,22:40:03,Eastern Time (US & Canada),Snacks,Chips,1.0,"","","",$1.00,$0.00,$1.00,$0.00,r4qEIaMxDOYGS3M87lDSuqmeV,PzgoA8gUuWHItENnKNA9wsMF,CSSU's iPad,"",http://squareup.com/dashboard/sales/transactions/r4qEIaMxDOYGS3M87lDSuqmeV/by-unit/4YJMFSNQWK476,Payment,CSSU (charity),"","","",""
01/25/18,22:25:10,Eastern Time (US & Canada),Snacks,Ice Cream Sandwich,6.0,Vanilla,"","",$3.00,$0.00,$3.00,$0.00,jwwge9xSiMkKEu9GSioT8XveV,CEPlYh8cwZYLhj4GYlwP6sMF,CSSU's iPad,"",http://squareup.com/dashboard/sales/transactions/jwwge9xSiMkKEu9GSioT8XveV/by-unit/4YJMFSNQWK476,Payment,CSSU (charity),"","","",""
01/25/18,16:55:05,Eastern Time (US & Canada),Drinks,Pop,1.0,"Classic, 355ml","","",$1.00,$0.00,$1.00,$0.00,LgKeweHGM52hCTGy3aton2ieV,nqOZQ0Nzyh3ePRBLKlOeKQB,CSSU's iPad,"",http://squareup.com/dashboard/sales/transactions/LgKeweHGM52hCTGy3aton2ieV/by-unit/4YJMFSNQWK476,Payment,CSSU (charity),"","","",""
01/25/18,16:55:05,Eastern Time (US & Canada),Snacks,Ice Cream Sandwich,1.0,Vanilla,"","",$0.50,$0.00,$0.50,$0.00,LgKeweHGM52hCTGy3aton2ieV,nqOZQ0Nzyh3ePRBLKlOeKQB,CSSU's iPad,"",http://squareup.com/dashboard/sales/transactions/LgKeweHGM52hCTGy3aton2ieV/by-unit/4YJMFSNQWK476,Payment,CSSU (charity),"","","",""
01/25/18,16:44:35,Eastern Time (US & Canada),Snacks,Ice Cream Sandwich,1.0,Chocolate,"","",$0.50,$0.00,$0.50,$0.00,VDbdFHnNGJ8OyNV2vuj5eq5eV,Rhv3n0Msbn7eLMW3Xwa3KQB,CSSU's iPad,"",http://squareup.com/dashboard/sales/transactions/VDbdFHnNGJ8OyNV2vuj5eq5eV/by-unit/4YJMFSNQWK476,Payment,CSSU (charity),"","","",""
01/25/18,16:31:07,Eastern Time (US & Canada),Snacks,Ice Cream Sandwich,1.0,Vanilla,"","",$0.50,$0.00,$0.50,$0.00,dvhAmZt5s311dBFs9pO3OJ0eV,hdRPlsbfKNeuogN6xUAFLQB,CSSU's iPad,"",http://squareup.com/dashboard/sales/transactions/dvhAmZt5s311dBFs9pO3OJ0eV/by-unit/4YJMFSNQWK476,Payment,CSSU (charity),"","","",""
01/25/18,16:25:40,Eastern Time (US & Canada),Snacks,Ice Cream Sandwich,2.0,Chocolate Chip,"","",$1.00,$0.00,$1.00,$0.00,zoSTb2GgiqFvoydtWA3gDt9eV,FjTb5efThPG5Bc9QA8QhLQB,CSSU's iPad,"",http://squareup.com/dashboard/sales/transactions/zoSTb2GgiqFvoydtWA3gDt9eV/by-unit/4YJMFSNQWK476,Payment,CSSU (charity),"","","",""
01/25/18,16:24:45,Eastern Time (US & Canada),Snacks,Ice Cream Sandwich,1.0,Chocolate Chip,"","",$0.50,$0.00,$0.50,$0.00,BzOc5shMbxzfFAjaCTEdgqxeV,dnl8mBAXnTtck1zfMfvxJQB,CSSU's iPad,"",http://squareup.com/dashboard/sales/transactions/BzOc5shMbxzfFAjaCTEdgqxeV/by-unit/4YJMFSNQWK476,Payment,CSSU (charity),"","","",""
01/25/18,16:24:23,Eastern Time (US & Canada),Snacks,Ice Cream Sandwich,1.0,Chocolate,"","",$0.50,$0.00,$0.50,$0.00,lhQSbmlI9vAdBfBAPCjSFlieV,3OmeK9badmAPaK05UxcRLQB,CSSU's iPad,"",http://squareup.com/dashboard/sales/transactions/lhQSbmlI9vAdBfBAPCjSFlieV/by-unit/4YJMFSNQWK476,Payment,CSSU (charity),"","","",""
01/25/18,16:20:56,Eastern Time (US & Canada),Snacks,Ice Cream Sandwich,1.0,Vanilla,"","",$0.50,$0.00,$0.50,$0.00,zmz8fKU88xRhQMCHlSA6b41eV,PqIL0wZTq8ILrTpj94RPKQB,CSSU's iPad,"",http://squareup.com/dashboard/sales/transactions/zmz8fKU88xRhQMCHlSA6b41eV/by-unit/4YJMFSNQWK476,Payment,CSSU (charity),"","","",""
01/25/18,15:39:50,Eastern Time (US & Canada),Snacks,Ice Cream Sandwich,4.0,Vanilla,"","",$2.00,$0.00,$2.00,$0.00,7edK83YzZeRDO7M9ZAfXKI1eV,hnUGnjTNhnTWfefJLneVLQB,CSSU's iPad,"",http://squareup.com/dashboard/sales/transactions/7edK83YzZeRDO7M9ZAfXKI1eV/by-unit/4YJMFSNQWK476,Payment,CSSU (charity),"","","",""
01/25/18,15:34:45,Eastern Time (US & Canada),Snacks,Ice Cream Sandwich,2.0,Vanilla,"","",$1.00,$0.00,$1.00,$0.00,jQwIG7YNMLgSCkGrL5CyFjveV,Smaehm4wyxj0hdNGKT9azxMF,CSSU's iPad,"",http://squareup.com/dashboard/sales/transactions/jQwIG7YNMLgSCkGrL5CyFjveV/by-unit/4YJMFSNQWK476,Payment,CSSU (charity),"",ZVJEKE5J4D5VMWESQM75THHHM0,Peiqi Wang,""
01/25/18,14:54:04,Eastern Time (US & Canada),Snacks,Ice Cream Sandwich,5.0,Chocolate Chip,"","",$2.50,$0.00,$2.50,$0.00,7qh1002DnetFDisDI3jZsQreV,tLTCPQuLuNomagwD6xe1JQB,CSSU's iPad,"",http://squareup.com/dashboard/sales/transactions/7qh1002DnetFDisDI3jZsQreV/by-unit/4YJMFSNQWK476,Payment,CSSU (charity),"","","",""
01/25/18,14:54:04,Eastern Time (US & Canada),Snacks,Ice Cream Sandwich,1.0,Vanilla,"","",$0.50,$0.00,$0.50,$0.00,7qh1002DnetFDisDI3jZsQreV,tLTCPQuLuNomagwD6xe1JQB,CSSU's iPad,"",http://squareup.com/dashboard/sales/transactions/7qh1002DnetFDisDI3jZsQreV/by-unit/4YJMFSNQWK476,Payment,CSSU (charity),"","","",""
01/24/18,21:07:41,Eastern Time (US & Canada),None,Gum,1.0,Regular Price,"","",$1.25,$0.00,$1.25,$0.00,VnHU4edehWdkhc2fxHapJsheV,Jj4M2lXtsWa9FgcWzNoMLQB,CSSU's iPad,"",http://squareup.com/dashboard/sales/transactions/VnHU4edehWdkhc2fxHapJsheV/by-unit/4YJMFSNQWK476,Payment,CSSU (charity),"","","",""
01/24/18,21:07:41,Eastern Time (US & Canada),Snacks,Ice Cream Sandwich,1.0,Vanilla,"","",$0.50,$0.00,$0.50,$0.00,VnHU4edehWdkhc2fxHapJsheV,Jj4M2lXtsWa9FgcWzNoMLQB,CSSU's iPad,"",http://squareup.com/dashboard/sales/transactions/VnHU4edehWdkhc2fxHapJsheV/by-unit/4YJMFSNQWK476,Payment,CSSU (charity),"","","",""
01/24/18,21:06:47,Eastern Time (US & Canada),Snacks,Ice Cream Sandwich,2.0,Vanilla,"","",$1.00,$0.00,$1.00,$0.00,BJPTZl7rdKin0335QIODhtheV,dx6O3Z5CXlhocVaR6tzlLQB,CSSU's iPad,"",http://squareup.com/dashboard/sales/transactions/BJPTZl7rdKin0335QIODhtheV/by-unit/4YJMFSNQWK476,Payment,CSSU (charity),"","","",""
01/24/18,21:06:47,Eastern Time (US & Canada),Drinks,Pop,1.0,"Classic, 355ml","","",$1.00,$0.00,$1.00,$0.00,BJPTZl7rdKin0335QIODhtheV,dx6O3Z5CXlhocVaR6tzlLQB,CSSU's iPad,"",http://squareup.com/dashboard/sales/transactions/BJPTZl7rdKin0335QIODhtheV/by-unit/4YJMFSNQWK476,Payment,CSSU (charity),"","","",""
01/24/18,20:35:45,Eastern Time (US & Canada),Snacks,Ice Cream Sandwich,1.0,Vanilla,"","",$0.50,$0.00,$0.50,$0.00,Vz753WRhPQoJMsbMDl9rHtheV,VHZ5EFci5hzV3dmzUgwNKQB,CSSU's iPad,"",http://squareup.com/dashboard/sales/transactions/Vz753WRhPQoJMsbMDl9rHtheV/by-unit/4YJMFSNQWK476,Payment,CSSU (charity),"","","",""
01/24/18,20:24:32,Eastern Time (US & Canada),Snacks,Ice Cream Sandwich,2.0,Vanilla,"","",$1.00,$0.00,$1.00,$0.00,D6VoOGnOE6h54hkmLWEoSbfeV,18Q497WKKGNKUooXyfmAquMF,CSSU's iPad,"",http://squareup.com/dashboard/sales/transactions/D6VoOGnOE6h54hkmLWEoSbfeV/by-unit/4YJMFSNQWK476,Payment,CSSU (charity),"","","",""
01/24/18,19:14:22,Eastern Time (US & Canada),Snacks,Ice Cream Sandwich,1.0,Vanilla,"","",$0.50,$0.00,$0.50,$0.00,5vsB6Jdg0zKaBX80grFGNOfeV,175YS0J5b9umFclGjCh1KQB,CSSU's iPad,"",http://squareup.com/dashboard/sales/transactions/5vsB6Jdg0zKaBX80grFGNOfeV/by-unit/4YJMFSNQWK476,Payment,CSSU (charity),"","","",""
01/24/18,19:11:33,Eastern Time (US & Canada),Snacks,Ice Cream Sandwich,1.0,Vanilla,"","",$0.50,$0.00,$0.50,$0.00,LeXFMIVdtW0YtRc0vuvzA9veV,5PchwaOLxrPAfXOCQiLCKQB,CSSU's iPad,"",http://squareup.com/dashboard/sales/transactions/LeXFMIVdtW0YtRc0vuvzA9veV/by-unit/4YJMFSNQWK476,Payment,CSSU (charity),"","","",""
01/24/18,19:11:33,Eastern Time (US & Canada),Snacks,Ice Cream Sandwich,1.0,Chocolate Chip,"","",$0.50,$0.00,$0.50,$0.00,LeXFMIVdtW0YtRc0vuvzA9veV,5PchwaOLxrPAfXOCQiLCKQB,CSSU's iPad,"",http://squareup.com/dashboard/sales/transactions/LeXFMIVdtW0YtRc0vuvzA9veV/by-unit/4YJMFSNQWK476,Payment,CSSU (charity),"","","",""
01/24/18,19:08:48,Eastern Time (US & Canada),Snacks,Ice Cream Sandwich,5.0,Chocolate Chip,"","",$2.50,$0.00,$2.50,$0.00,XojKA2ZrQE2wRHOaAizheTneV,ftbqo3mytt6hLiNDPEipXyMF,CSSU's iPad,"",http://squareup.com/dashboard/sales/transactions/XojKA2ZrQE2wRHOaAizheTneV/by-unit/4YJMFSNQWK476,Payment,CSSU (charity),"","","",""
01/24/18,18:50:08,Eastern Time (US & Canada),Snacks,Ice Cream Sandwich,1.0,Chocolate Chip,"","",$0.50,$0.00,$0.50,$0.00,RZ7Bq3hAQA8v7pNx4Ky4Vf6eV,vgPbTSN983DEYsrEad6kKQB,CSSU's iPad,"",http://squareup.com/dashboard/sales/transactions/RZ7Bq3hAQA8v7pNx4Ky4Vf6eV/by-unit/4YJMFSNQWK476,Payment,CSSU (charity),"","","",""
01/24/18,18:44:43,Eastern Time (US & Canada),Snacks,Ice Cream Sandwich,1.0,Chocolate Chip,"","",$0.50,$0.00,$0.50,$0.00,9lwewcgfcw08bOgUUfIZWWieV,dvjlugnVkLrf1b3ERdmIKQB,CSSU's iPad,"",http://squareup.com/dashboard/sales/transactions/9lwewcgfcw08bOgUUfIZWWieV/by-unit/4YJMFSNQWK476,Payment,CSSU (charity),"","","",""
01/24/18,18:44:25,Eastern Time (US & Canada),Snacks,Ice Cream Sandwich,1.0,Chocolate,"","",$0.50,$0.00,$0.50,$0.00,Dg8WKzZzU19pvMs25s8piMueV,V1cBrSHjWYnMD95GdDTkLQB,CSSU's iPad,"",http://squareup.com/dashboard/sales/transactions/Dg8WKzZzU19pvMs25s8piMueV/by-unit/4YJMFSNQWK476,Payment,CSSU (charity),"","","",""
01/24/18,18:06:46,Eastern Time (US & Canada),Drinks,Pop,1.0,"Classic, 355ml","","",$1.00,$0.00,$1.00,$0.00,vaeU7a5I02osx9f2ZNZacIqeV,vgL1DDHGohrdUotMON5WKQB,CSSU's iPad,"",http://squareup.com/dashboard/sales/transactions/vaeU7a5I02osx9f2ZNZacIqeV/by-unit/4YJMFSNQWK476,Payment,CSSU (charity),"","","",""
01/24/18,18:06:46,Eastern Time (US & Canada),Snacks,Ice Cream Sandwich,1.0,Chocolate,"","",$0.50,$0.00,$0.50,$0.00,vaeU7a5I02osx9f2ZNZacIqeV,vgL1DDHGohrdUotMON5WKQB,CSSU's iPad,"",http://squareup.com/dashboard/sales/transactions/vaeU7a5I02osx9f2ZNZacIqeV/by-unit/4YJMFSNQWK476,Payment,CSSU (charity),"","","",""
01/24/18,17:41:40,Eastern Time (US & Canada),Chocolate & Candy,Maynards,1.0,Regular,"","",$1.50,$0.00,$1.50,$0.00,RxTN95kBIDLh1vfFBZJmyXpeV,3ciVrGRq5dvJ2UCeC3c2UxMF,CSSU's iPad,"",http://squareup.com/dashboard/sales/transactions/RxTN95kBIDLh1vfFBZJmyXpeV/by-unit/4YJMFSNQWK476,Payment,CSSU (charity),"",MPX6VGF43S7TMR2VHA316V6NQ0,Junjie Cheng,""
01/24/18,17:41:40,Eastern Time (US & Canada),Snacks,Ice Cream Sandwich,1.0,Chocolate Chip,"","",$0.50,$0.00,$0.50,$0.00,RxTN95kBIDLh1vfFBZJmyXpeV,3ciVrGRq5dvJ2UCeC3c2UxMF,CSSU's iPad,"",http://squareup.com/dashboard/sales/transactions/RxTN95kBIDLh1vfFBZJmyXpeV/by-unit/4YJMFSNQWK476,Payment,CSSU (charity),"",MPX6VGF43S7TMR2VHA316V6NQ0,Junjie Cheng,""
01/24/18,15:50:26,Eastern Time (US & Canada),Snacks,Ice Cream Sandwich,1.0,Vanilla,"","",$0.50,$0.00,$0.50,$0.00,7YKcP2wNmn4MzJjJvUBcGjpeV,ZNfv4wPjllnAScpIVhfvKQB,CSSU's iPad,"",http://squareup.com/dashboard/sales/transactions/7YKcP2wNmn4MzJjJvUBcGjpeV/by-unit/4YJMFSNQWK476,Payment,CSSU (charity),"","","",""
01/24/18,11:39:06,Eastern Time (US & Canada),Snacks,Ice Cream Sandwich,2.0,Chocolate Chip,"","",$1.00,$0.00,$1.00,$0.00,ptTTOrh7M4GMYI5au1C1la3eV,XYBnhmu9wEZXYpdGScDYKQB,CSSU's iPad,"",http://squareup.com/dashboard/sales/transactions/ptTTOrh7M4GMYI5au1C1la3eV/by-unit/4YJMFSNQWK476,Payment,CSSU (charity),"","","",""
01/24/18,11:39:06,Eastern Time (US & Canada),Snacks,Ice Cream Sandwich,1.0,Vanilla,"","",$0.50,$0.00,$0.50,$0.00,ptTTOrh7M4GMYI5au1C1la3eV,XYBnhmu9wEZXYpdGScDYKQB,CSSU's iPad,"",http://squareup.com/dashboard/sales/transactions/ptTTOrh7M4GMYI5au1C1la3eV/by-unit/4YJMFSNQWK476,Payment,CSSU (charity),"","","",""
01/24/18,11:13:29,Eastern Time (US & Canada),Snacks,Ice Cream Sandwich,1.0,Vanilla,"","",$0.50,$0.00,$0.50,$0.00,XUfzD4OVJ92dv08kiJvNk6yeV,VFIbRv3T24ZcfCKeCfFCKQB,CSSU's iPad,"",http://squareup.com/dashboard/sales/transactions/XUfzD4OVJ92dv08kiJvNk6yeV/by-unit/4YJMFSNQWK476,Payment,CSSU (charity),"","","",""
01/23/18,22:46:15,Eastern Time (US & Canada),Snacks,Ice Cream Sandwich,1.0,Chocolate,"","",$0.50,$0.00,$0.50,$0.00,xLC6F7etAEBYZQ0g1BoOPYmeV,VzH5u90cWArxmpTMi6UQLQB,CSSU's iPad,"",http://squareup.com/dashboard/sales/transactions/xLC6F7etAEBYZQ0g1BoOPYmeV/by-unit/4YJMFSNQWK476,Payment,CSSU (charity),"","","",""
01/23/18,22:46:15,Eastern Time (US & Canada),Snacks,Chips,1.0,"","","",$1.00,$0.00,$1.00,$0.00,xLC6F7etAEBYZQ0g1BoOPYmeV,VzH5u90cWArxmpTMi6UQLQB,CSSU's iPad,"",http://squareup.com/dashboard/sales/transactions/xLC6F7etAEBYZQ0g1BoOPYmeV/by-unit/4YJMFSNQWK476,Payment,CSSU (charity),"","","",""
01/23/18,21:56:56,Eastern Time (US & Canada),Snacks,Ice Cream Sandwich,1.0,Vanilla,"","",$0.50,$0.00,$0.50,$0.00,xfWfxdIJMOmldzbqIAOS3dpeV,r8uHZ43XGfXpC2TkcTKDLQB,CSSU's iPad,"",http://squareup.com/dashboard/sales/transactions/xfWfxdIJMOmldzbqIAOS3dpeV/by-unit/4YJMFSNQWK476,Payment,CSSU (charity),"","","",""
01/23/18,21:54:07,Eastern Time (US & Canada),Snacks,Ice Cream Sandwich,1.0,Chocolate,"","",$0.50,$0.00,$0.50,$0.00,3GqKWdLRDLwxITQujJA3hDleV,b4ySCMeKCZlycRc2kRXgKQB,CSSU's iPad,"",http://squareup.com/dashboard/sales/transactions/3GqKWdLRDLwxITQujJA3hDleV/by-unit/4YJMFSNQWK476,Payment,CSSU (charity),"","","",""
01/23/18,21:21:45,Eastern Time (US & Canada),Snacks,Cookies,1.0,2 for $0.75,"","",$0.75,$0.00,$0.75,$0.00,zaB2lN0HrWDGyDWia4mw6vjeV,RvmtcHUbj8nKNjV7B10lLQB,CSSU's iPad,"",http://squareup.com/dashboard/sales/transactions/zaB2lN0HrWDGyDWia4mw6vjeV/by-unit/4YJMFSNQWK476,Payment,CSSU (charity),"","","",""
01/23/18,21:21:45,Eastern Time (US & Canada),Snacks,Ice Cream Sandwich,1.0,Chocolate,"","",$0.50,$0.00,$0.50,$0.00,zaB2lN0HrWDGyDWia4mw6vjeV,RvmtcHUbj8nKNjV7B10lLQB,CSSU's iPad,"",http://squareup.com/dashboard/sales/transactions/zaB2lN0HrWDGyDWia4mw6vjeV/by-unit/4YJMFSNQWK476,Payment,CSSU (charity),"","","",""
01/23/18,21:21:45,Eastern Time (US & Canada),Chocolate & Candy,Chocolates,1.0,"","","",$1.50,$0.00,$1.50,$0.00,zaB2lN0HrWDGyDWia4mw6vjeV,RvmtcHUbj8nKNjV7B10lLQB,CSSU's iPad,"",http://squareup.com/dashboard/sales/transactions/zaB2lN0HrWDGyDWia4mw6vjeV/by-unit/4YJMFSNQWK476,Payment,CSSU (charity),"","","",""
01/23/18,18:45:22,Eastern Time (US & Canada),Snacks,Ice Cream Sandwich,2.0,Vanilla,"","",$1.00,$0.00,$1.00,$0.00,ZXWq3laiyi7yBsLokPUrzkkeV,1DLjSzVEN1lPA7uRfiY4JQB,CSSU's iPad,"",http://squareup.com/dashboard/sales/transactions/ZXWq3laiyi7yBsLokPUrzkkeV/by-unit/4YJMFSNQWK476,Payment,CSSU (charity),"","","",""
01/23/18,15:45:07,Eastern Time (US & Canada),Snacks,Ice Cream Sandwich,1.0,Chocolate,"","",$0.50,$0.00,$0.50,$0.00,JTebiTiDRkJibbdqx0AirVfeV,NP35qDaP1zr7erjQekAjKQB,CSSU's iPad,"",http://squareup.com/dashboard/sales/transactions/JTebiTiDRkJibbdqx0AirVfeV/by-unit/4YJMFSNQWK476,Payment,CSSU (charity),"","","",""
01/23/18,15:44:35,Eastern Time (US & Canada),Snacks,Ice Cream Sandwich,2.0,Chocolate Chip,"","",$1.00,$0.00,$1.00,$0.00,pxjIPKGD64tDZ3Cyg7Tr5YzeV,7ub5udDSKoMZQfALzTXuKQB,CSSU's iPad,"",http://squareup.com/dashboard/sales/transactions/pxjIPKGD64tDZ3Cyg7Tr5YzeV/by-unit/4YJMFSNQWK476,Payment,CSSU (charity),"","","",""
01/23/18,15:12:58,Eastern Time (US & Canada),Snacks,Ice Cream Sandwich,2.0,Chocolate,"","",$1.00,$0.00,$1.00,$0.00,DwUOuB7iTTlYjebhKqgaFS9eV,BZFMgq6s7zEmMg0ezeybKQB,CSSU's iPad,"",http://squareup.com/dashboard/sales/transactions/DwUOuB7iTTlYjebhKqgaFS9eV/by-unit/4YJMFSNQWK476,Payment,CSSU (charity),"","","",""
01/22/18,15:32:41,Eastern Time (US & Canada),Snacks,Ice Cream Sandwich,2.0,Vanilla,"","",$1.00,$0.00,$1.00,$0.00,JLQshDzmshYpJKiWTnHlkxzeV,N5c9OiKFxdhUOiydeQs8JQB,CSSU's iPad,"",http://squareup.com/dashboard/sales/transactions/JLQshDzmshYpJKiWTnHlkxzeV/by-unit/4YJMFSNQWK476,Payment,CSSU (charity),"","","",""
01/22/18,14:09:53,Eastern Time (US & Canada),Drinks,Coco Water,1.0,Regular,"","",$2.00,$0.00,$2.00,$0.00,xZBgkS7cQLihEPnB1eF8ukgeV,1puDYgDgrUEQ1Jntq3mPLQB,CSSU's iPad,"",http://squareup.com/dashboard/sales/transactions/xZBgkS7cQLihEPnB1eF8ukgeV/by-unit/4YJMFSNQWK476,Payment,CSSU (charity),"","","",""
01/22/18,14:09:53,Eastern Time (US & Canada),Snacks,Ice Cream Sandwich,2.0,Vanilla,"","",$1.00,$0.00,$1.00,$0.00,xZBgkS7cQLihEPnB1eF8ukgeV,1puDYgDgrUEQ1Jntq3mPLQB,CSSU's iPad,"",http://squareup.com/dashboard/sales/transactions/xZBgkS7cQLihEPnB1eF8ukgeV/by-unit/4YJMFSNQWK476,Payment,CSSU (charity),"","","",""
01/22/18,13:13:13,Eastern Time (US & Canada),Snacks,Ice Cream Sandwich,1.0,Chocolate,"","",$0.50,$0.00,$0.50,$0.00,zUENvvfXyaJiQmqSSGAmBYveV,xHAkYkd0ECidnOv8avWqKQB,CSSU's iPad,"",http://squareup.com/dashboard/sales/transactions/zUENvvfXyaJiQmqSSGAmBYveV/by-unit/4YJMFSNQWK476,Payment,CSSU (charity),"","","",""
01/21/18,16:42:00,Eastern Time (US & Canada),Snacks,Ice Cream Sandwich,1.0,Chocolate,"","",$0.50,$0.00,$0.50,$0.00,NXb3pN7yeaLQhWV1oWfSVIveV,j4ke5js9GxiJXpffU4sXKQB,CSSU's iPad,"",http://squareup.com/dashboard/sales/transactions/NXb3pN7yeaLQhWV1oWfSVIveV/by-unit/4YJMFSNQWK476,Payment,CSSU (charity),"","","",""
01/19/18,20:18:59,Eastern Time (US & Canada),Snacks,Ice Cream Sandwich,2.0,Vanilla,"","",$1.00,$0.00,$1.00,$0.00,HiShEuIoaaiadtG7IE5spUneV,bOZAYFHL15eAXK0ZyT7GLQB,CSSU's iPad,"",http://squareup.com/dashboard/sales/transactions/HiShEuIoaaiadtG7IE5spUneV/by-unit/4YJMFSNQWK476,Payment,CSSU (charity),"","","",""
01/19/18,18:48:43,Eastern Time (US & Canada),Drinks,Pop,1.0,"Classic, 355ml","","",$1.00,$0.00,$1.00,$0.00,Z7IS54OcdER1D2MMmn8dByieV,75nIxCZMonPepPIJeF6J1tMF,CSSU's iPad,"",http://squareup.com/dashboard/sales/transactions/Z7IS54OcdER1D2MMmn8dByieV/by-unit/4YJMFSNQWK476,Payment,CSSU (charity),"","","",""
01/19/18,18:48:43,Eastern Time (US & Canada),Snacks,Ice Cream Sandwich,2.0,Chocolate,"","",$1.00,$0.00,$1.00,$0.00,Z7IS54OcdER1D2MMmn8dByieV,75nIxCZMonPepPIJeF6J1tMF,CSSU's iPad,"",http://squareup.com/dashboard/sales/transactions/Z7IS54OcdER1D2MMmn8dByieV/by-unit/4YJMFSNQWK476,Payment,CSSU (charity),"","","",""
01/19/18,17:25:43,Eastern Time (US & Canada),Snacks,Ice Cream Sandwich,2.0,Vanilla,"","",$1.00,$0.00,$1.00,$0.00,hL2y5LxJbiiXwqCIgEduJRxeV,1rdSI6TX1CcnT0JGgCNRLQB,CSSU's iPad,"",http://squareup.com/dashboard/sales/transactions/hL2y5LxJbiiXwqCIgEduJRxeV/by-unit/4YJMFSNQWK476,Payment,CSSU (charity),"","","",""
01/19/18,17:20:03,Eastern Time (US & Canada),Snacks,Ice Cream Sandwich,2.0,Chocolate,"","",$1.00,$0.00,$1.00,$0.00,zOLmf29G8JpPAHnpTyjsEI3eV,QoI7USliihqYz2GfEpQp1wMF,CSSU's iPad,"",http://squareup.com/dashboard/sales/transactions/zOLmf29G8JpPAHnpTyjsEI3eV/by-unit/4YJMFSNQWK476,Payment,CSSU (charity),"","","",""
01/19/18,17:20:03,Eastern Time (US & Canada),Drinks,Jarritos ,1.0,Mango,"","",$2.00,$0.00,$2.00,$0.00,zOLmf29G8JpPAHnpTyjsEI3eV,QoI7USliihqYz2GfEpQp1wMF,CSSU's iPad,"",http://squareup.com/dashboard/sales/transactions/zOLmf29G8JpPAHnpTyjsEI3eV/by-unit/4YJMFSNQWK476,Payment,CSSU (charity),"","","",""
01/19/18,17:17:40,Eastern Time (US & Canada),Drinks,Pop,1.0,"Classic, 355ml","","",$1.00,$0.00,$1.00,$0.00,599YVCrcl1dOnUFXvwkO9G5eV,jKFa7CvUvcuPNVhhfmE0JQB,CSSU's iPad,"",http://squareup.com/dashboard/sales/transactions/599YVCrcl1dOnUFXvwkO9G5eV/by-unit/4YJMFSNQWK476,Payment,CSSU (charity),"","","",""
01/19/18,17:17:40,Eastern Time (US & Canada),Snacks,Ice Cream Sandwich,1.0,Chocolate,"","",$0.50,$0.00,$0.50,$0.00,599YVCrcl1dOnUFXvwkO9G5eV,jKFa7CvUvcuPNVhhfmE0JQB,CSSU's iPad,"",http://squareup.com/dashboard/sales/transactions/599YVCrcl1dOnUFXvwkO9G5eV/by-unit/4YJMFSNQWK476,Payment,CSSU (charity),"","","",""
01/19/18,12:08:36,Eastern Time (US & Canada),Snacks,Ice Cream Sandwich,1.0,Vanilla,"","",$0.50,$0.00,$0.50,$0.00,JdhkrZMkZux9uzjOJkTPhQzeV,n457sK3Ivc0ZvOmnXUYPLQB,CSSU's iPad,"",http://squareup.com/dashboard/sales/transactions/JdhkrZMkZux9uzjOJkTPhQzeV/by-unit/4YJMFSNQWK476,Payment,CSSU (charity),"","","",""
01/18/18,16:08:37,Eastern Time (US & Canada),Snacks,Ice Cream Sandwich,2.0,Vanilla,"","",$1.00,$0.00,$1.00,$0.00,P2YKfr1AWsMpLZBXZHVxUVueV,ZlUabqxGWxvkkYfdz6fQnvMF,CSSU's iPad,"",http://squareup.com/dashboard/sales/transactions/P2YKfr1AWsMpLZBXZHVxUVueV/by-unit/4YJMFSNQWK476,Payment,CSSU (charity),"","","",""
01/18/18,16:02:04,Eastern Time (US & Canada),Snacks,Ice Cream Sandwich,1.0,Vanilla,"","",$0.50,$0.00,$0.50,$0.00,7A831Epz7G3F6uxEc6hLNMteV,B3GrBPzOOfiKEoVfgZdHKQB,CSSU's iPad,"",http://squareup.com/dashboard/sales/transactions/7A831Epz7G3F6uxEc6hLNMteV/by-unit/4YJMFSNQWK476,Payment,CSSU (charity),"","","",""
01/18/18,15:25:30,Eastern Time (US & Canada),Snacks,Ice Cream Sandwich,3.0,Chocolate,"","",$1.50,$0.00,$1.50,$0.00,rabOrj1OTty1BAEeYvJyJe0eV,VdKUsRhrDIbrSEVKoMr1JQB,CSSU's iPad,"",http://squareup.com/dashboard/sales/transactions/rabOrj1OTty1BAEeYvJyJe0eV/by-unit/4YJMFSNQWK476,Payment,CSSU (charity),"","","",""
01/18/18,15:15:36,Eastern Time (US & Canada),Snacks,Ice Cream Sandwich,2.0,Chocolate,"","",$1.00,$0.00,$1.00,$0.00,nQzIxnr9nG7Ryck3JfuMqpueV,ryzofiCih8CL1O3Ey7wrKQB,CSSU's iPad,"",http://squareup.com/dashboard/sales/transactions/nQzIxnr9nG7Ryck3JfuMqpueV/by-unit/4YJMFSNQWK476,Payment,CSSU (charity),"","","",""
01/17/18,22:11:15,Eastern Time (US & Canada),Drinks,Jarritos ,1.0,Pineapple,"","",$2.00,$0.00,$2.00,$0.00,DgmvCOh7a1Wg4M7SbkwIhpneV,Zpf2PSMBWkjsPm9vWKeOKQB,CSSU's iPad,"",http://squareup.com/dashboard/sales/transactions/DgmvCOh7a1Wg4M7SbkwIhpneV/by-unit/4YJMFSNQWK476,Payment,CSSU (charity),"","","",""
01/17/18,22:11:15,Eastern Time (US & Canada),Snacks,Ice Cream Sandwich,1.0,Chocolate Chip,"","",$0.50,$0.00,$0.50,$0.00,DgmvCOh7a1Wg4M7SbkwIhpneV,Zpf2PSMBWkjsPm9vWKeOKQB,CSSU's iPad,"",http://squareup.com/dashboard/sales/transactions/DgmvCOh7a1Wg4M7SbkwIhpneV/by-unit/4YJMFSNQWK476,Payment,CSSU (charity),"","","",""
01/17/18,22:11:15,Eastern Time (US & Canada),Drinks,Juice Box,1.0,Regular,"","",$0.75,$0.00,$0.75,$0.00,DgmvCOh7a1Wg4M7SbkwIhpneV,Zpf2PSMBWkjsPm9vWKeOKQB,CSSU's iPad,"",http://squareup.com/dashboard/sales/transactions/DgmvCOh7a1Wg4M7SbkwIhpneV/by-unit/4YJMFSNQWK476,Payment,CSSU (charity),"","","",""
01/17/18,22:03:18,Eastern Time (US & Canada),Snacks,Ice Cream Sandwich,2.0,Chocolate Chip,"","",$1.00,$0.00,$1.00,$0.00,NLZLU0ANi9Q4TvO6jC1pQ40eV,JHgdxR9RdNaKSD8oY2j3JQB,CSSU's iPad,"",http://squareup.com/dashboard/sales/transactions/NLZLU0ANi9Q4TvO6jC1pQ40eV/by-unit/4YJMFSNQWK476,Payment,CSSU (charity),"","","",""
01/17/18,21:41:08,Eastern Time (US & Canada),Snacks,Ice Cream Sandwich,1.0,Chocolate,"","",$0.50,$0.00,$0.50,$0.00,7KZlOAfV7L11m5wbjxMOdD8eV,FzbBCPmdp4FwtgjQjgMxJQB,CSSU's iPad,"",http://squareup.com/dashboard/sales/transactions/7KZlOAfV7L11m5wbjxMOdD8eV/by-unit/4YJMFSNQWK476,Payment,CSSU (charity),"","","",""
01/17/18,16:00:46,Eastern Time (US & Canada),Snacks,Ice Cream Sandwich,1.0,Chocolate,"","",$0.50,$0.00,$0.50,$0.00,FZckakQLs1JMIFBZaso26A8eV,7mdQ0DLuAuzUbwr7dzO8JQB,CSSU's iPad,"",http://squareup.com/dashboard/sales/transactions/FZckakQLs1JMIFBZaso26A8eV/by-unit/4YJMFSNQWK476,Payment,CSSU (charity),"","","",""
01/17/18,15:10:47,Eastern Time (US & Canada),Snacks,Ice Cream Sandwich,2.0,Vanilla,"","",$1.00,$0.00,$1.00,$0.00,lXPSWMj8seYci4iY66gZNfyeV,eDcBEXK08FVFWQoHdqqKzxMF,CSSU's iPad,"",http://squareup.com/dashboard/sales/transactions/lXPSWMj8seYci4iY66gZNfyeV/by-unit/4YJMFSNQWK476,Payment,CSSU (charity),"","","",""
01/17/18,14:59:25,Eastern Time (US & Canada),Snacks,Ice Cream Sandwich,1.0,Chocolate Chip,"","",$0.50,$0.00,$0.50,$0.00,3mQ7RRNYEMOdvesbx43l82veV,N3F45wvsDj2FwWK4OMEZLQB,CSSU's iPad,"",http://squareup.com/dashboard/sales/transactions/3mQ7RRNYEMOdvesbx43l82veV/by-unit/4YJMFSNQWK476,Payment,CSSU (charity),"","","",""
01/17/18,14:07:30,Eastern Time (US & Canada),Drinks,Perrier (Glass Bottle),1.0,Regular Price,"","",$1.50,$0.00,$1.50,$0.00,72NEYNLCRML2a62eqMG3lexeV,jS9kpxpaWybCUAnGVtxCKQB,CSSU's iPad,"",http://squareup.com/dashboard/sales/transactions/72NEYNLCRML2a62eqMG3lexeV/by-unit/4YJMFSNQWK476,Payment,CSSU (charity),"","","",""
01/17/18,14:07:30,Eastern Time (US & Canada),Snacks,Ice Cream Sandwich,1.0,Chocolate,"","",$0.50,$0.00,$0.50,$0.00,72NEYNLCRML2a62eqMG3lexeV,jS9kpxpaWybCUAnGVtxCKQB,CSSU's iPad,"",http://squareup.com/dashboard/sales/transactions/72NEYNLCRML2a62eqMG3lexeV/by-unit/4YJMFSNQWK476,Payment,CSSU (charity),"","","",""
01/17/18,14:07:30,Eastern Time (US & Canada),Snacks,Ice Cream Sandwich,1.0,Chocolate Chip,"","",$0.50,$0.00,$0.50,$0.00,72NEYNLCRML2a62eqMG3lexeV,jS9kpxpaWybCUAnGVtxCKQB,CSSU's iPad,"",http://squareup.com/dashboard/sales/transactions/72NEYNLCRML2a62eqMG3lexeV/by-unit/4YJMFSNQWK476,Payment,CSSU (charity),"","","",""
01/17/18,13:57:09,Eastern Time (US & Canada),Drinks,Pop,1.0,"Diet, 355ml","","",$1.00,$0.00,$1.00,$0.00,X8R2rXcmPNXkKSjJtCMfrileV,hzOWqj38nVi5EHp0Ine7KQB,CSSU's iPad,"",http://squareup.com/dashboard/sales/transactions/X8R2rXcmPNXkKSjJtCMfrileV/by-unit/4YJMFSNQWK476,Payment,CSSU (charity),"","","",""
01/17/18,13:57:09,Eastern Time (US & Canada),Chocolate & Candy,Chocolates,1.0,"","","",$1.50,$0.00,$1.50,$0.00,X8R2rXcmPNXkKSjJtCMfrileV,hzOWqj38nVi5EHp0Ine7KQB,CSSU's iPad,"",http://squareup.com/dashboard/sales/transactions/X8R2rXcmPNXkKSjJtCMfrileV/by-unit/4YJMFSNQWK476,Payment,CSSU (charity),"","","",""
01/17/18,13:57:09,Eastern Time (US & Canada),Snacks,Ice Cream Sandwich,1.0,Chocolate,"","",$0.50,$0.00,$0.50,$0.00,X8R2rXcmPNXkKSjJtCMfrileV,hzOWqj38nVi5EHp0Ine7KQB,CSSU's iPad,"",http://squareup.com/dashboard/sales/transactions/X8R2rXcmPNXkKSjJtCMfrileV/by-unit/4YJMFSNQWK476,Payment,CSSU (charity),"","","",""
01/16/18,21:11:04,Eastern Time (US & Canada),Snacks,Ice Cream Sandwich,1.0,Vanilla,"","",$0.50,$0.00,$0.50,$0.00,rUkoZxduVpfxpcwWExtrCw5eV,ZlDzMkbNx24js2qF0tDDLQB,CSSU's iPad,"",http://squareup.com/dashboard/sales/transactions/rUkoZxduVpfxpcwWExtrCw5eV/by-unit/4YJMFSNQWK476,Payment,CSSU (charity),"","","",""
01/16/18,19:18:04,Eastern Time (US & Canada),Snacks,Ice Cream Sandwich,1.0,Chocolate Chip,"","",$0.50,$0.00,$0.50,$0.00,VByFjr5886E22vfHhuqZlsteV,vqewjyD89EEfu5icmK1aLQB,CSSU's iPad,"",http://squareup.com/dashboard/sales/transactions/VByFjr5886E22vfHhuqZlsteV/by-unit/4YJMFSNQWK476,Payment,CSSU (charity),"","","",""
01/16/18,17:03:17,Eastern Time (US & Canada),Snacks,Ice Cream Sandwich,1.0,Vanilla,"","",$0.50,$0.00,$0.50,$0.00,B5L7kPgLW6FWqiTCf0YWyQzeV,D6rjwxwZb4AWPAjYEa29KQB,CSSU's iPad,"",http://squareup.com/dashboard/sales/transactions/B5L7kPgLW6FWqiTCf0YWyQzeV/by-unit/4YJMFSNQWK476,Payment,CSSU (charity),"","","",""
01/16/18,16:16:23,Eastern Time (US & Canada),Snacks,Ice Cream Sandwich,2.0,Chocolate Chip,"","",$1.00,$0.00,$1.00,$0.00,LKpXSMgQho0tW83DtQRXRUoeV,uvwOLTgCpCvxJsEuycw03zMF,CSSU's iPad,"",http://squareup.com/dashboard/sales/transactions/LKpXSMgQho0tW83DtQRXRUoeV/by-unit/4YJMFSNQWK476,Payment,CSSU (charity),"","","",""
01/16/18,16:16:23,Eastern Time (US & Canada),Snacks,Chips,2.0,"","","",$2.00,$0.00,$2.00,$0.00,LKpXSMgQho0tW83DtQRXRUoeV,uvwOLTgCpCvxJsEuycw03zMF,CSSU's iPad,"",http://squareup.com/dashboard/sales/transactions/LKpXSMgQho0tW83DtQRXRUoeV/by-unit/4YJMFSNQWK476,Payment,CSSU (charity),"","","",""
01/16/18,16:16:23,Eastern Time (US & Canada),Drinks,Jarritos ,1.0,Mango,"","",$2.00,$0.00,$2.00,$0.00,LKpXSMgQho0tW83DtQRXRUoeV,uvwOLTgCpCvxJsEuycw03zMF,CSSU's iPad,"",http://squareup.com/dashboard/sales/transactions/LKpXSMgQho0tW83DtQRXRUoeV/by-unit/4YJMFSNQWK476,Payment,CSSU (charity),"","","",""
01/16/18,16:15:22,Eastern Time (US & Canada),Snacks,Ice Cream Sandwich,2.0,Chocolate Chip,"","",$1.00,$0.00,$1.00,$0.00,V9cFGEij4bDOceyo5s2e5RveV,lha7NEKnIbW1cbusAbXsKQB,CSSU's iPad,"",http://squareup.com/dashboard/sales/transactions/V9cFGEij4bDOceyo5s2e5RveV/by-unit/4YJMFSNQWK476,Payment,CSSU (charity),"","","",""
01/16/18,16:07:42,Eastern Time (US & Canada),Snacks,Ice Cream Sandwich,1.0,Vanilla,"","",$0.50,$0.00,$0.50,$0.00,xT0DuvU55juEfktxDoS7EG0eV,ZtHbSV7L32X0qj6VYJxCKQB,CSSU's iPad,"",http://squareup.com/dashboard/sales/transactions/xT0DuvU55juEfktxDoS7EG0eV/by-unit/4YJMFSNQWK476,Payment,CSSU (charity),"","","",""
01/15/18,21:21:49,Eastern Time (US & Canada),Snacks,Ice Cream Sandwich,2.0,Vanilla,"","",$1.00,$0.00,$1.00,$0.00,TqNGoqWKkzNy2B4lLswroseeV,CDfkwYoI9KxDYglWkbUr5zMF,CSSU's iPad,"",http://squareup.com/dashboard/sales/transactions/TqNGoqWKkzNy2B4lLswroseeV/by-unit/4YJMFSNQWK476,Payment,CSSU (charity),"","","",""
01/15/18,17:05:11,Eastern Time (US & Canada),Snacks,Ice Cream Sandwich,1.0,Chocolate Chip,"","",$0.50,$0.00,$0.50,$0.00,z8OsfICa51eORPcdDsF80BueV,HEFi8aM5jauikKEOcTv3KQB,CSSU's iPad,"",http://squareup.com/dashboard/sales/transactions/z8OsfICa51eORPcdDsF80BueV/by-unit/4YJMFSNQWK476,Payment,CSSU (charity),"","","",""
01/15/18,16:56:17,Eastern Time (US & Canada),Snacks,Ice Cream Sandwich,1.0,Chocolate Chip,"","",$0.50,$0.00,$0.50,$0.00,nczVLqG2ee2xonHZVt4tpLweV,X47gHeH2XhrsdzViK1PVLQB,CSSU's iPad,"",http://squareup.com/dashboard/sales/transactions/nczVLqG2ee2xonHZVt4tpLweV/by-unit/4YJMFSNQWK476,Payment,CSSU (charity),"","","",""
01/15/18,16:47:09,Eastern Time (US & Canada),Drinks,Perrier (Glass Bottle),1.0,Regular Price,"","",$1.50,$0.00,$1.50,$0.00,pB5HRbndNs4dOOXkYkzZZRneV,XeyizqwCpjI2CN8t3jckLQB,CSSU's iPad,"",http://squareup.com/dashboard/sales/transactions/pB5HRbndNs4dOOXkYkzZZRneV/by-unit/4YJMFSNQWK476,Payment,CSSU (charity),"","","",""
01/15/18,16:47:09,Eastern Time (US & Canada),Snacks,Ice Cream Sandwich,1.0,Chocolate,"","",$0.50,$0.00,$0.50,$0.00,pB5HRbndNs4dOOXkYkzZZRneV,XeyizqwCpjI2CN8t3jckLQB,CSSU's iPad,"",http://squareup.com/dashboard/sales/transactions/pB5HRbndNs4dOOXkYkzZZRneV/by-unit/4YJMFSNQWK476,Payment,CSSU (charity),"","","",""
01/15/18,15:50:40,Eastern Time (US & Canada),Drinks,Pop,1.0,"Classic, 355ml","","",$1.00,$0.00,$1.00,$0.00,Hmw55o9oaE6ttz9t6Snl9N3eV,ZXwZ8BbQardBD4hLc8S2JQB,CSSU's iPad,"",http://squareup.com/dashboard/sales/transactions/Hmw55o9oaE6ttz9t6Snl9N3eV/by-unit/4YJMFSNQWK476,Payment,CSSU (charity),"","","",""
01/15/18,15:50:40,Eastern Time (US & Canada),Snacks,Ice Cream Sandwich,1.0,Vanilla,"","",$0.50,$0.00,$0.50,$0.00,Hmw55o9oaE6ttz9t6Snl9N3eV,ZXwZ8BbQardBD4hLc8S2JQB,CSSU's iPad,"",http://squareup.com/dashboard/sales/transactions/Hmw55o9oaE6ttz9t6Snl9N3eV/by-unit/4YJMFSNQWK476,Payment,CSSU (charity),"","","",""
01/15/18,14:57:01,Eastern Time (US & Canada),Chocolate & Candy,Skittles,1.0,Regular,"","",$1.50,$0.00,$1.50,$0.00,l16UOzTTUhdmouLbtvsSU89eV,QtF3WrptTCT7OFyH8qJjQvMF,CSSU's iPad,"",http://squareup.com/dashboard/sales/transactions/l16UOzTTUhdmouLbtvsSU89eV/by-unit/4YJMFSNQWK476,Payment,CSSU (charity),"","","",""
01/15/18,14:57:01,Eastern Time (US & Canada),Snacks,Ice Cream Sandwich,1.0,Chocolate Chip,"","",$0.50,$0.00,$0.50,$0.00,l16UOzTTUhdmouLbtvsSU89eV,QtF3WrptTCT7OFyH8qJjQvMF,CSSU's iPad,"",http://squareup.com/dashboard/sales/transactions/l16UOzTTUhdmouLbtvsSU89eV/by-unit/4YJMFSNQWK476,Payment,CSSU (charity),"","","",""
01/14/18,16:39:47,Eastern Time (US & Canada),Snacks,Ice Cream Sandwich,1.0,Vanilla,"","",$0.50,$0.00,$0.50,$0.00,ZTMiz0OKWyvdlxAdakCO0K5eV,XoZ7DEWTBjcFXrGVyTrhLQB,CSSU's iPad,"",http://squareup.com/dashboard/sales/transactions/ZTMiz0OKWyvdlxAdakCO0K5eV/by-unit/4YJMFSNQWK476,Payment,CSSU (charity),"","","",""
01/12/18,17:29:25,Eastern Time (US & Canada),Snacks,Ice Cream Sandwich,2.0,Chocolate Chip,"","",$1.00,$0.00,$1.00,$0.00,pfGWDaMsey8mzDDLBCqFUA1eV,pnczr3l7KghzFNat8bpCKQB,CSSU's iPad,"",http://squareup.com/dashboard/sales/transactions/pfGWDaMsey8mzDDLBCqFUA1eV/by-unit/4YJMFSNQWK476,Payment,CSSU (charity),"","","",""
01/12/18,17:14:30,Eastern Time (US & Canada),Snacks,Ice Cream Sandwich,2.0,Vanilla,"","",$1.00,$0.00,$1.00,$0.00,tzjySxmi5ejBq2OzVQuzh5seV,XgBXWs02Yvt8DwgudOCgKQB,CSSU's iPad,"",http://squareup.com/dashboard/sales/transactions/tzjySxmi5ejBq2OzVQuzh5seV/by-unit/4YJMFSNQWK476,Payment,CSSU (charity),"","","",""
01/12/18,17:14:30,Eastern Time (US & Canada),Drinks,Coco Water,1.0,Regular,"","",$2.00,$0.00,$2.00,$0.00,tzjySxmi5ejBq2OzVQuzh5seV,XgBXWs02Yvt8DwgudOCgKQB,CSSU's iPad,"",http://squareup.com/dashboard/sales/transactions/tzjySxmi5ejBq2OzVQuzh5seV/by-unit/4YJMFSNQWK476,Payment,CSSU (charity),"","","",""
01/12/18,13:18:53,Eastern Time (US & Canada),Snacks,Ice Cream Sandwich,1.0,Chocolate Chip,"","",$0.50,$0.00,$0.50,$0.00,HCeFJlB0NroqA65DM1WwicteV,j8eYoFrYsdAN1yDdHmoxJQB,CSSU's iPad,"",http://squareup.com/dashboard/sales/transactions/HCeFJlB0NroqA65DM1WwicteV/by-unit/4YJMFSNQWK476,Payment,CSSU (charity),"","","",""
01/12/18,12:27:42,Eastern Time (US & Canada),Snacks,Ice Cream Sandwich,1.0,Vanilla,"","",$0.50,$0.00,$0.50,$0.00,3e0xY6EybspqQjoOJKGiMw4eV,pja1iK3wub1CWUbmneA1KQB,CSSU's iPad,"",http://squareup.com/dashboard/sales/transactions/3e0xY6EybspqQjoOJKGiMw4eV/by-unit/4YJMFSNQWK476,Payment,CSSU (charity),"","","",""
01/11/18,17:58:23,Eastern Time (US & Canada),Snacks,Ice Cream Sandwich,2.0,Vanilla,"","",$1.00,$0.00,$1.00,$0.00,V3P8unlUJYnzonPCP2NDc09eV,dTHiy5TzrH1TzDp4YMMLKQB,CSSU's iPad,"",http://squareup.com/dashboard/sales/transactions/V3P8unlUJYnzonPCP2NDc09eV/by-unit/4YJMFSNQWK476,Payment,CSSU (charity),"","","",""
01/11/18,17:41:45,Eastern Time (US & Canada),Snacks,Ice Cream Sandwich,1.0,Vanilla,"","",$0.50,$0.00,$0.50,$0.00,PsJBBvQu1xbfgVwvd5TaFQweV,PwLJNbYipE3VexfAXWZcLQB,CSSU's iPad,"",http://squareup.com/dashboard/sales/transactions/PsJBBvQu1xbfgVwvd5TaFQweV/by-unit/4YJMFSNQWK476,Payment,CSSU (charity),"","","",""
01/11/18,17:21:37,Eastern Time (US & Canada),Snacks,Ice Cream Sandwich,1.0,Vanilla,"","",$0.50,$0.00,$0.50,$0.00,72j17ZvXuO2Vr32uRAtN8IreV,J3KUkd6o5NlpkgpnG450JQB,CSSU's iPad,"",http://squareup.com/dashboard/sales/transactions/72j17ZvXuO2Vr32uRAtN8IreV/by-unit/4YJMFSNQWK476,Payment,CSSU (charity),"","","",""
01/11/18,16:26:23,Eastern Time (US & Canada),Snacks,Ice Cream Sandwich,1.0,Vanilla,"","",$0.50,$0.00,$0.50,$0.00,f2SpdIYg3yYAjsCKSVz3y2zeV,NzBVWpm1QLPhCGy2fnpxKQB,CSSU's iPad,"",http://squareup.com/dashboard/sales/transactions/f2SpdIYg3yYAjsCKSVz3y2zeV/by-unit/4YJMFSNQWK476,Payment,CSSU (charity),"","","",""
01/11/18,16:07:17,Eastern Time (US & Canada),Snacks,Ice Cream Sandwich,1.0,Vanilla,"","",$0.50,$0.00,$0.50,$0.00,XKIwAz7HVupqXk3LQtshYKieV,fsFNf9ZKjkiglEgu5rDdLQB,CSSU's iPad,"",http://squareup.com/dashboard/sales/transactions/XKIwAz7HVupqXk3LQtshYKieV/by-unit/4YJMFSNQWK476,Payment,CSSU (charity),"","","",""
01/11/18,16:07:17,Eastern Time (US & Canada),Chocolate & Candy,Tootsie Roll,1.0,Regular,"","",$0.25,$0.00,$0.25,$0.00,XKIwAz7HVupqXk3LQtshYKieV,fsFNf9ZKjkiglEgu5rDdLQB,CSSU's iPad,"",http://squareup.com/dashboard/sales/transactions/XKIwAz7HVupqXk3LQtshYKieV/by-unit/4YJMFSNQWK476,Payment,CSSU (charity),"","","",""
01/11/18,15:49:09,Eastern Time (US & Canada),Snacks,Ice Cream Sandwich,1.0,Vanilla,"","",$0.50,$0.00,$0.50,$0.00,t5KsckcsGwz2cGAlydOLTr8eV,NdOFm6FfWm2b77pY3TavJQB,CSSU's iPad,"",http://squareup.com/dashboard/sales/transactions/t5KsckcsGwz2cGAlydOLTr8eV/by-unit/4YJMFSNQWK476,Payment,CSSU (charity),"","","",""
01/10/18,17:50:59,Eastern Time (US & Canada),Snacks,Ice Cream Sandwich,1.0,Vanilla,"","",$0.50,$0.00,$0.50,$0.00,rEEWMYdf5LGpQO4WOGEnujoeV,ZP8XnlDVOu6GHw8RCRoRKQB,CSSU's iPad,"",http://squareup.com/dashboard/sales/transactions/rEEWMYdf5LGpQO4WOGEnujoeV/by-unit/4YJMFSNQWK476,Payment,CSSU (charity),"","","",""
01/10/18,17:16:08,Eastern Time (US & Canada),Snacks,Ice Cream Sandwich,2.0,Vanilla,"","",$1.00,$0.00,$1.00,$0.00,5v07TMpxgFoet8xITijgIAfeV,wM0XWQNzd7hCjPOVQdpu9yMF,CSSU's iPad,"",http://squareup.com/dashboard/sales/transactions/5v07TMpxgFoet8xITijgIAfeV/by-unit/4YJMFSNQWK476,Payment,CSSU (charity),"",P40MXFDR8D7AJMQGQMHQ5FQQXG,Tasawar Sattar,""
01/10/18,15:29:21,Eastern Time (US & Canada),Snacks,Ice Cream Sandwich,1.0,Vanilla,"","",$0.50,$0.00,$0.50,$0.00,L4KsuSsacrjlSeJdZopRmZ2eV,hTwl7el1Tp3bhvkisGd5JQB,CSSU's iPad,"",http://squareup.com/dashboard/sales/transactions/L4KsuSsacrjlSeJdZopRmZ2eV/by-unit/4YJMFSNQWK476,Payment,CSSU (charity),"","","",""
01/10/18,15:12:43,Eastern Time (US & Canada),Snacks,Ice Cream Sandwich,1.0,Chocolate Chip,"","",$0.50,$0.00,$0.50,$0.00,HmYZHQpBXeqbPsQRxIwb401eV,R9VJoBVZFHry8jNzlf58JQB,CSSU's iPad,"",http://squareup.com/dashboard/sales/transactions/HmYZHQpBXeqbPsQRxIwb401eV/by-unit/4YJMFSNQWK476,Payment,CSSU (charity),"","","",""
01/10/18,15:12:43,Eastern Time (US & Canada),Drinks,Pop,1.0,"Classic, 355ml","","",$1.00,$0.00,$1.00,$0.00,HmYZHQpBXeqbPsQRxIwb401eV,R9VJoBVZFHry8jNzlf58JQB,CSSU's iPad,"",http://squareup.com/dashboard/sales/transactions/HmYZHQpBXeqbPsQRxIwb401eV/by-unit/4YJMFSNQWK476,Payment,CSSU (charity),"","","",""
01/10/18,15:12:43,Eastern Time (US & Canada),Drinks,Coco Water,1.0,Regular,"","",$2.00,$0.00,$2.00,$0.00,HmYZHQpBXeqbPsQRxIwb401eV,R9VJoBVZFHry8jNzlf58JQB,CSSU's iPad,"",http://squareup.com/dashboard/sales/transactions/HmYZHQpBXeqbPsQRxIwb401eV/by-unit/4YJMFSNQWK476,Payment,CSSU (charity),"","","",""
01/09/18,17:04:33,Eastern Time (US & Canada),Drinks,Arizona,1.0,"Regular Price, 500ml","","",$1.25,$0.00,$1.25,$0.00,RtprQiEqexi2JlSIbTJLkhpeV,rYYze3nhRQG7Ys10DyyxKQB,CSSU's iPad,"",http://squareup.com/dashboard/sales/transactions/RtprQiEqexi2JlSIbTJLkhpeV/by-unit/4YJMFSNQWK476,Payment,CSSU (charity),"","","",""
01/09/18,17:04:33,Eastern Time (US & Canada),Snacks,Chips,1.0,"","","",$1.00,$0.00,$1.00,$0.00,RtprQiEqexi2JlSIbTJLkhpeV,rYYze3nhRQG7Ys10DyyxKQB,CSSU's iPad,"",http://squareup.com/dashboard/sales/transactions/RtprQiEqexi2JlSIbTJLkhpeV/by-unit/4YJMFSNQWK476,Payment,CSSU (charity),"","","",""
01/09/18,17:04:33,Eastern Time (US & Canada),Snacks,Ice Cream Sandwich,1.0,Vanilla,"","",$0.50,$0.00,$0.50,$0.00,RtprQiEqexi2JlSIbTJLkhpeV,rYYze3nhRQG7Ys10DyyxKQB,CSSU's iPad,"",http://squareup.com/dashboard/sales/transactions/RtprQiEqexi2JlSIbTJLkhpeV/by-unit/4YJMFSNQWK476,Payment,CSSU (charity),"","","",""
01/09/18,16:46:08,Eastern Time (US & Canada),Snacks,Ice Cream Sandwich,1.0,Vanilla,"","",$0.50,$0.00,$0.50,$0.00,TuJNFwxBQanX5KwO6uCAfSqeV,ZFJ2MQ6oVw6T664yJs1uKQB,CSSU's iPad,"",http://squareup.com/dashboard/sales/transactions/TuJNFwxBQanX5KwO6uCAfSqeV/by-unit/4YJMFSNQWK476,Payment,CSSU (charity),"","","",""
01/09/18,16:25:42,Eastern Time (US & Canada),Snacks,Ice Cream Sandwich,2.0,Vanilla,"","",$1.00,$0.00,$1.00,$0.00,5pdVzXf4XyEvHNfA0vLW2imeV,w2QKtCg7yZuH0lmKjHNSPyMF,CSSU's iPad,"",http://squareup.com/dashboard/sales/transactions/5pdVzXf4XyEvHNfA0vLW2imeV/by-unit/4YJMFSNQWK476,Payment,CSSU (charity),"","","",""
01/08/18,19:10:52,Eastern Time (US & Canada),Snacks,Ice Cream Sandwich,1.0,Chocolate Chip,"","",$0.50,$0.00,$0.50,$0.00,PqKuJ2XbU6byGhXeqxmp46reV,lXTuzMlLOIWlfeBQ9h0zJQB,CSSU's iPad,"",http://squareup.com/dashboard/sales/transactions/PqKuJ2XbU6byGhXeqxmp46reV/by-unit/4YJMFSNQWK476,Payment,CSSU (charity),"","","",""
01/08/18,17:21:02,Eastern Time (US & Canada),Snacks,Ice Cream Sandwich,2.0,Chocolate Chip,"","",$1.00,$0.00,$1.00,$0.00,tbvqi2kpo1LI9s5Hl7KuWbweV,XWaOG66qXCTR3qWLa5mDLQB,CSSU's iPad,"",http://squareup.com/dashboard/sales/transactions/tbvqi2kpo1LI9s5Hl7KuWbweV/by-unit/4YJMFSNQWK476,Payment,CSSU (charity),"","","",""
01/08/18,15:56:41,Eastern Time (US & Canada),Snacks,Ice Cream Sandwich,2.0,Chocolate Chip,"","",$1.00,$0.00,$1.00,$0.00,zWTg5LCbKRFc9JlSXJSzeOueV,dF2dM8WwEN90VG0k6R4YKQB,CSSU's iPad,"",http://squareup.com/dashboard/sales/transactions/zWTg5LCbKRFc9JlSXJSzeOueV/by-unit/4YJMFSNQWK476,Payment,CSSU (charity),"","","",""
01/08/18,12:51:53,Eastern Time (US & Canada),Snacks,Ice Cream Sandwich,4.0,Chocolate Chip,"","",$2.00,$0.00,$2.00,$0.00,Dedpv5ZtzYyqjp6TDvOMVQzeV,nsh83hBsZkxUHPL6bvs2JQB,CSSU's iPad,"",http://squareup.com/dashboard/sales/transactions/Dedpv5ZtzYyqjp6TDvOMVQzeV/by-unit/4YJMFSNQWK476,Payment,CSSU (charity),"","","",""
01/05/18,17:11:15,Eastern Time (US & Canada),Snacks,Ice Cream Sandwich,1.0,Vanilla,"","",$0.50,$0.00,$0.50,$0.00,lnhH60epLJUm40w5J6DmMLneV,Z5PoiiXHXtnozWlkOFbwKQB,CSSU's iPad,"",http://squareup.com/dashboard/sales/transactions/lnhH60epLJUm40w5J6DmMLneV/by-unit/4YJMFSNQWK476,Payment,CSSU (charity),"","","",""
01/05/18,17:10:58,Eastern Time (US & Canada),Snacks,Ice Cream Sandwich,2.0,Vanilla,"","",$1.00,$0.00,$1.00,$0.00,NLzSnfK2HMwpzLLimQwaiDteV,9V0c40lBGHbJ5V5U4cx7KQB,CSSU's iPad,"",http://squareup.com/dashboard/sales/transactions/NLzSnfK2HMwpzLLimQwaiDteV/by-unit/4YJMFSNQWK476,Payment,CSSU (charity),"","","",""
01/05/18,17:04:28,Eastern Time (US & Canada),Snacks,Ice Cream Sandwich,2.0,Chocolate Chip,"","",$1.00,$0.00,$1.00,$0.00,rAWwujKcVrClzMX57E3QA3neV,Pi4HnlnvnRGTkTgOCcGpKQB,CSSU's iPad,"",http://squareup.com/dashboard/sales/transactions/rAWwujKcVrClzMX57E3QA3neV/by-unit/4YJMFSNQWK476,Payment,CSSU (charity),"","","",""
01/05/18,12:43:38,Eastern Time (US & Canada),Snacks,Ice Cream Sandwich,1.0,Chocolate Chip,"","",$0.50,$0.00,$0.50,$0.00,P2EQjVPEbDLWQoO9TOfiwIAfV,h1P6Oq2DlEuTwTSPRfEwJQB,CSSU's iPad,"",http://squareup.com/dashboard/sales/transactions/P2EQjVPEbDLWQoO9TOfiwIAfV/by-unit/4YJMFSNQWK476,Payment,CSSU (charity),"","","",""
01/04/18,18:43:39,Eastern Time (US & Canada),Snacks,Ice Cream Sandwich,1.0,Chocolate Chip,"","",$0.50,$0.00,$0.50,$0.00,J7mXfZ4IbJ9xg5N95KZyPr9eV,1ztGDm01h1CDcLvrmJBPKQB,CSSU's iPad,"",http://squareup.com/dashboard/sales/transactions/J7mXfZ4IbJ9xg5N95KZyPr9eV/by-unit/4YJMFSNQWK476,Payment,CSSU (charity),"","","",""
01/04/18,15:29:43,Eastern Time (US & Canada),Snacks,Ice Cream Sandwich,1.0,Vanilla,"","",$0.50,$0.00,$0.50,$0.00,364up0podylagj0nmwoYNqseV,1x4mGhwMJF5L9KVCXEzCKQB,CSSU's iPad,"",http://squareup.com/dashboard/sales/transactions/364up0podylagj0nmwoYNqseV/by-unit/4YJMFSNQWK476,Payment,CSSU (charity),"","","",""
01/04/18,15:16:23,Eastern Time (US & Canada),Snacks,Ice Cream Sandwich,1.0,Chocolate Chip,"","",$0.50,$0.00,$0.50,$0.00,xBL5pZzWPKyX3LullC3sHaieV,pJratORXORZjtR8vnK05JQB,CSSU's iPad,"",http://squareup.com/dashboard/sales/transactions/xBL5pZzWPKyX3LullC3sHaieV/by-unit/4YJMFSNQWK476,Payment,CSSU (charity),"","","",""
01/04/18,14:13:34,Eastern Time (US & Canada),Snacks,Ice Cream Sandwich,1.0,Chocolate,"","",$0.50,$0.00,$0.50,$0.00,lTXruRu2wMFDULZ0lpULu2peV,8BfAdTHKID3VTlhDIYCh5tMF,CSSU's iPad,"",http://squareup.com/dashboard/sales/transactions/lTXruRu2wMFDULZ0lpULu2peV/by-unit/4YJMFSNQWK476,Payment,CSSU (charity),"","","",""
01/04/18,14:13:34,Eastern Time (US & Canada),Drinks,Juice Box,1.0,Regular,"","",$0.75,$0.00,$0.75,$0.00,lTXruRu2wMFDULZ0lpULu2peV,8BfAdTHKID3VTlhDIYCh5tMF,CSSU's iPad,"",http://squareup.com/dashboard/sales/transactions/lTXruRu2wMFDULZ0lpULu2peV/by-unit/4YJMFSNQWK476,Payment,CSSU (charity),"","","",""
12/31/17,18:59:03,Eastern Time (US & Canada),Snacks,Ice Cream Sandwich,5.0,Vanilla,"","",$2.50,$0.00,$2.50,$0.00,9B68cSsIPGnaJcu1yth0obAfV,NFCRIqIqtCtreriYLjwQKQB,CSSU's iPad,"",http://squareup.com/dashboard/sales/transactions/9B68cSsIPGnaJcu1yth0obAfV/by-unit/4YJMFSNQWK476,Payment,CSSU (charity),"","","",""
12/21/17,15:19:43,Eastern Time (US & Canada),Snacks,Ice Cream Sandwich,1.0,Vanilla,"","",$0.50,$0.00,$0.50,$0.00,h1t10WmOy6QmzGUfjusNshieV,Zrs2oMCKXuiBEltnv6CdKQB,CSSU's iPad,"",http://squareup.com/dashboard/sales/transactions/h1t10WmOy6QmzGUfjusNshieV/by-unit/4YJMFSNQWK476,Payment,CSSU (charity),"","","",""
12/20/17,16:38:31,Eastern Time (US & Canada),Snacks,Ice Cream Sandwich,1.0,Vanilla,"","",$0.50,$0.00,$0.50,$0.00,xZ9eCPKSQWTuIyMzmjiXtK3eV,RBnHtYC2TI8PfeFoGvL0JQB,CSSU's iPad,"",http://squareup.com/dashboard/sales/transactions/xZ9eCPKSQWTuIyMzmjiXtK3eV/by-unit/4YJMFSNQWK476,Payment,CSSU (charity),"","","",""
12/19/17,16:19:59,Eastern Time (US & Canada),Drinks,Perrier (Glass Bottle),1.0,Regular Price,"","",$1.50,$0.00,$1.50,$0.00,LAu21vIl1FOghZu9dRVaqz3eV,JP72AdGfuteQvshWSruQ4wMF,CSSU's iPad,"",http://squareup.com/dashboard/sales/transactions/LAu21vIl1FOghZu9dRVaqz3eV/by-unit/4YJMFSNQWK476,Payment,CSSU (charity),"","","",""
12/19/17,16:19:59,Eastern Time (US & Canada),Snacks,Ice Cream Sandwich,1.0,Vanilla,"","",$0.50,$0.00,$0.50,$0.00,LAu21vIl1FOghZu9dRVaqz3eV,JP72AdGfuteQvshWSruQ4wMF,CSSU's iPad,"",http://squareup.com/dashboard/sales/transactions/LAu21vIl1FOghZu9dRVaqz3eV/by-unit/4YJMFSNQWK476,Payment,CSSU (charity),"","","",""
12/19/17,14:52:45,Eastern Time (US & Canada),None,Popcorn ,2.0,Regular Price,"","",$2.00,$0.00,$2.00,$0.00,vwTL6NT7GFZIW886JsE1YjleV,LUSfFwc7Wl2XOByCbDYeKQB,CSSU's iPad,"",http://squareup.com/dashboard/sales/transactions/vwTL6NT7GFZIW886JsE1YjleV/by-unit/4YJMFSNQWK476,Payment,CSSU (charity),"","","",""
12/19/17,14:52:45,Eastern Time (US & Canada),Snacks,Ice Cream Sandwich,1.0,Vanilla,"","",$0.50,$0.00,$0.50,$0.00,vwTL6NT7GFZIW886JsE1YjleV,LUSfFwc7Wl2XOByCbDYeKQB,CSSU's iPad,"",http://squareup.com/dashboard/sales/transactions/vwTL6NT7GFZIW886JsE1YjleV/by-unit/4YJMFSNQWK476,Payment,CSSU (charity),"","","",""
12/18/17,17:24:44,Eastern Time (US & Canada),Drinks,Arizona,1.0,"Regular Price, 500ml","","",$1.25,$0.00,$1.25,$0.00,HgLkdxS4vmL62Fn768EHwDzeV,msvJQB8UFhjTq2DuRchWAyMF,CSSU's iPad,"",http://squareup.com/dashboard/sales/transactions/HgLkdxS4vmL62Fn768EHwDzeV/by-unit/4YJMFSNQWK476,Payment,CSSU (charity),"","","",""
12/18/17,17:24:44,Eastern Time (US & Canada),Snacks,Ice Cream Sandwich,2.0,Vanilla,"","",$1.00,$0.00,$1.00,$0.00,HgLkdxS4vmL62Fn768EHwDzeV,msvJQB8UFhjTq2DuRchWAyMF,CSSU's iPad,"",http://squareup.com/dashboard/sales/transactions/HgLkdxS4vmL62Fn768EHwDzeV/by-unit/4YJMFSNQWK476,Payment,CSSU (charity),"","","",""
12/18/17,17:24:44,Eastern Time (US & Canada),Chocolate & Candy,Pocky,2.0,Strawberry,"","",$4.00,$0.00,$4.00,$0.00,HgLkdxS4vmL62Fn768EHwDzeV,msvJQB8UFhjTq2DuRchWAyMF,CSSU's iPad,"",http://squareup.com/dashboard/sales/transactions/HgLkdxS4vmL62Fn768EHwDzeV/by-unit/4YJMFSNQWK476,Payment,CSSU (charity),"","","",""
12/18/17,16:58:36,Eastern Time (US & Canada),Snacks,Ice Cream Sandwich,1.0,Chocolate,"","",$0.50,$0.00,$0.50,$0.00,lThS9MyVRmJfbNOmDkesNKweV,NRczAcMLLZJoj83dqollKQB,CSSU's iPad,"",http://squareup.com/dashboard/sales/transactions/lThS9MyVRmJfbNOmDkesNKweV/by-unit/4YJMFSNQWK476,Payment,CSSU (charity),"","","",""
12/18/17,16:50:03,Eastern Time (US & Canada),Snacks,Ice Cream Sandwich,1.0,Chocolate Chip,"","",$0.50,$0.00,$0.50,$0.00,TC5ohKezde2wIt8JpLrYAgmeV,FnBZJAPat4U5SZjKLqelKQB,CSSU's iPad,"",http://squareup.com/dashboard/sales/transactions/TC5ohKezde2wIt8JpLrYAgmeV/by-unit/4YJMFSNQWK476,Payment,CSSU (charity),"","","",""
12/18/17,15:20:17,Eastern Time (US & Canada),Snacks,Ice Cream Sandwich,1.0,Vanilla,"","",$0.50,$0.00,$0.50,$0.00,bsGVrj2qn1tHrWkPhIBpMxneV,zabJuSDyguTYzELSDdafLQB,CSSU's iPad,"",http://squareup.com/dashboard/sales/transactions/bsGVrj2qn1tHrWkPhIBpMxneV/by-unit/4YJMFSNQWK476,Payment,CSSU (charity),"","","",""
12/14/17,19:56:40,Eastern Time (US & Canada),None,Ice Cream Sandwich,1.0,Vanilla,"","",$0.50,$0.00,$0.50,$0.00,D0Ur5HzgJ3Cnn7LVHxwzbzxeV,zkNMEewC5A48n8Givb0oSxMF,CSSU's iPad,"",http://squareup.com/dashboard/sales/transactions/D0Ur5HzgJ3Cnn7LVHxwzbzxeV/by-unit/4YJMFSNQWK476,Payment,CSSU (charity),"",VWRWZ0FQVX25WKJ9VEQPPADS8G,Michael Wang,""
12/14/17,19:56:40,Eastern Time (US & Canada),None,Ice Cream Sandwich,1.0,Chocolate,"","",$0.50,$0.00,$0.50,$0.00,D0Ur5HzgJ3Cnn7LVHxwzbzxeV,zkNMEewC5A48n8Givb0oSxMF,CSSU's iPad,"",http://squareup.com/dashboard/sales/transactions/D0Ur5HzgJ3Cnn7LVHxwzbzxeV/by-unit/4YJMFSNQWK476,Payment,CSSU (charity),"",VWRWZ0FQVX25WKJ9VEQPPADS8G,Michael Wang,""
12/14/17,19:56:40,Eastern Time (US & Canada),None,Pocky,1.0,Chocolate,"","",$2.00,$0.00,$2.00,$0.00,D0Ur5HzgJ3Cnn7LVHxwzbzxeV,zkNMEewC5A48n8Givb0oSxMF,CSSU's iPad,"",http://squareup.com/dashboard/sales/transactions/D0Ur5HzgJ3Cnn7LVHxwzbzxeV/by-unit/4YJMFSNQWK476,Payment,CSSU (charity),"",VWRWZ0FQVX25WKJ9VEQPPADS8G,Michael Wang,""
12/14/17,19:56:15,Eastern Time (US & Canada),None,Ice Cream Sandwich,2.0,Vanilla,"","",$1.00,$0.00,$1.00,$0.00,ltCI5FXbPa9av0AArJqqeMheV,emg6pw1DMhSIdTY3qwbLBzMF,CSSU's iPad,"",http://squareup.com/dashboard/sales/transactions/ltCI5FXbPa9av0AArJqqeMheV/by-unit/4YJMFSNQWK476,Payment,CSSU (charity),"",Q1FVDC1Q1H7K8Z47WF9ECHYV5W,Daniel Horga,""
12/14/17,18:33:06,Eastern Time (US & Canada),None,Ice Cream Sandwich,1.0,Vanilla,"","",$0.50,$0.00,$0.50,$0.00,VJCbHhFcTIAb1tecGQQmoBmeV,lzB8SopYT0VMcmQfj3XrKQB,CSSU's iPad,"",http://squareup.com/dashboard/sales/transactions/VJCbHhFcTIAb1tecGQQmoBmeV/by-unit/4YJMFSNQWK476,Payment,CSSU (charity),"","","",""
12/14/17,17:59:46,Eastern Time (US & Canada),None,Ice Cream Sandwich,1.0,Chocolate Chip,"","",$0.50,$0.00,$0.50,$0.00,hvqRmK5Ud0WNA9LWiPLBD2heV,inf4r4f3300V9ovLpslPgvMF,CSSU's iPad,"",http://squareup.com/dashboard/sales/transactions/hvqRmK5Ud0WNA9LWiPLBD2heV/by-unit/4YJMFSNQWK476,Payment,CSSU (charity),"","","",""
12/14/17,17:59:46,Eastern Time (US & Canada),None,Ice Cream Sandwich,1.0,Chocolate,"","",$0.50,$0.00,$0.50,$0.00,hvqRmK5Ud0WNA9LWiPLBD2heV,inf4r4f3300V9ovLpslPgvMF,CSSU's iPad,"",http://squareup.com/dashboard/sales/transactions/hvqRmK5Ud0WNA9LWiPLBD2heV/by-unit/4YJMFSNQWK476,Payment,CSSU (charity),"","","",""
12/14/17,17:51:08,Eastern Time (US & Canada),None,Ice Cream Sandwich,7.0,Vanilla,"","",$3.50,$0.00,$3.50,$0.00,XgzibiubnbST842qvNpTAs5eV,lzta8DxGn1tKLn0l2maZKQB,CSSU's iPad,"",http://squareup.com/dashboard/sales/transactions/XgzibiubnbST842qvNpTAs5eV/by-unit/4YJMFSNQWK476,Payment,CSSU (charity),"","","",""
12/14/17,17:45:01,Eastern Time (US & Canada),None,Ice Cream Sandwich,1.0,Vanilla,"","",$0.50,$0.00,$0.50,$0.00,vAtC78AWmBiPSbBJbNFu55geV,qkMvZTHtrLtPujozcMV4QyMF,CSSU's iPad,"",http://squareup.com/dashboard/sales/transactions/vAtC78AWmBiPSbBJbNFu55geV/by-unit/4YJMFSNQWK476,Payment,CSSU (charity),"","","",""
12/14/17,17:45:01,Eastern Time (US & Canada),Drinks,Jarritos ,1.0,Mango,"","",$2.00,$0.00,$2.00,$0.00,vAtC78AWmBiPSbBJbNFu55geV,qkMvZTHtrLtPujozcMV4QyMF,CSSU's iPad,"",http://squareup.com/dashboard/sales/transactions/vAtC78AWmBiPSbBJbNFu55geV/by-unit/4YJMFSNQWK476,Payment,CSSU (charity),"","","",""
12/14/17,16:50:08,Eastern Time (US & Canada),None,Ice Cream Sandwich,1.0,Vanilla,"","",$0.50,$0.00,$0.50,$0.00,NhopqcYL7x39VeIrxjmvXQ2eV,H2Gy0bCigCrrVTbyoKkFLQB,CSSU's iPad,"",http://squareup.com/dashboard/sales/transactions/NhopqcYL7x39VeIrxjmvXQ2eV/by-unit/4YJMFSNQWK476,Payment,CSSU (charity),"","","",""
12/14/17,12:48:18,Eastern Time (US & Canada),Drinks,Pop,1.0,"Classic, 355ml","","",$1.00,$0.00,$1.00,$0.00,HUdcNSCL8lC5GanCkn6T54keV,B5VehwniUScD89XeHRHpKQB,CSSU's iPad,"",http://squareup.com/dashboard/sales/transactions/HUdcNSCL8lC5GanCkn6T54keV/by-unit/4YJMFSNQWK476,Payment,CSSU (charity),"","","",""
12/14/17,12:48:18,Eastern Time (US & Canada),None,Ice Cream Sandwich,1.0,Chocolate Chip,"","",$0.50,$0.00,$0.50,$0.00,HUdcNSCL8lC5GanCkn6T54keV,B5VehwniUScD89XeHRHpKQB,CSSU's iPad,"",http://squareup.com/dashboard/sales/transactions/HUdcNSCL8lC5GanCkn6T54keV/by-unit/4YJMFSNQWK476,Payment,CSSU (charity),"","","",""
12/13/17,19:21:47,Eastern Time (US & Canada),None,Ice Cream Sandwich,3.0,Chocolate Chip,"","",$1.50,$0.00,$1.50,$0.00,tpC0yfJcByeMzwBXwVTt5O5eV,hnKrewhbdgXVh6EANpWNKQB,CSSU's iPad,"",http://squareup.com/dashboard/sales/transactions/tpC0yfJcByeMzwBXwVTt5O5eV/by-unit/4YJMFSNQWK476,Payment,CSSU (charity),"","","",""
12/10/17,20:59:09,Eastern Time (US & Canada),Drinks,Arizona,1.0,Iced Tea,"","",$1.25,$0.00,$1.25,$0.00,NBO0iudtJ4hR3nqF9LsKIegeV,LCJvhKgy4UjpXgiaXdN9KQB,CSSU's iPad,"",http://squareup.com/dashboard/sales/transactions/NBO0iudtJ4hR3nqF9LsKIegeV/by-unit/4YJMFSNQWK476,Payment,CSSU (charity),"","","",""
12/10/17,20:59:09,Eastern Time (US & Canada),None,Ice Cream Sandwich,1.0,Chocolate,"","",$0.50,$0.00,$0.50,$0.00,NBO0iudtJ4hR3nqF9LsKIegeV,LCJvhKgy4UjpXgiaXdN9KQB,CSSU's iPad,"",http://squareup.com/dashboard/sales/transactions/NBO0iudtJ4hR3nqF9LsKIegeV/by-unit/4YJMFSNQWK476,Payment,CSSU (charity),"","","",""
12/10/17,19:00:21,Eastern Time (US & Canada),None,Ice Cream Sandwich,2.0,Chocolate,"","",$1.00,$0.00,$1.00,$0.00,XSGXPWOf4FbvwCwstbTsX13eV,3Wu0YRMSLWohLrCiuh21JQB,CSSU's iPad,"",http://squareup.com/dashboard/sales/transactions/XSGXPWOf4FbvwCwstbTsX13eV/by-unit/4YJMFSNQWK476,Payment,CSSU (charity),"","","",""
12/10/17,18:47:31,Eastern Time (US & Canada),None,Ice Cream Sandwich,2.0,Chocolate,"","",$1.00,$0.00,$1.00,$0.00,pJBZRJIRWK3bDkwUv5TbOPfeV,8kpQCczaS51f7UhnfRfuCxMF,CSSU's iPad,"",http://squareup.com/dashboard/sales/transactions/pJBZRJIRWK3bDkwUv5TbOPfeV/by-unit/4YJMFSNQWK476,Payment,CSSU (charity),"",MPX6VGF43S7TMR2VHA316V6NQ0,Junjie Cheng,""
12/10/17,16:55:04,Eastern Time (US & Canada),None,Ice Cream Sandwich,1.0,Vanilla,"","",$0.50,$0.00,$0.50,$0.00,rGVA7DLEqUYeybVrfERj0nyeV,P4BYgfGHTEW3WSlKkpBYKQB,CSSU's iPad,"",http://squareup.com/dashboard/sales/transactions/rGVA7DLEqUYeybVrfERj0nyeV/by-unit/4YJMFSNQWK476,Payment,CSSU (charity),"","","",""
12/09/17,19:18:09,Eastern Time (US & Canada),None,Ice Cream Sandwich,1.0,Vanilla,"","",$0.50,$0.00,$0.50,$0.00,fyqm5eIRaq5K4khYrAjsqGteV,reVmRJO4EAx5Wi3EdRTVLQB,CSSU's iPad,"",http://squareup.com/dashboard/sales/transactions/fyqm5eIRaq5K4khYrAjsqGteV/by-unit/4YJMFSNQWK476,Payment,CSSU (charity),"","","",""
12/09/17,19:00:18,Eastern Time (US & Canada),None,San Pellegrino,1.0,Regular,"","",$1.50,$0.00,$1.50,$0.00,zml3sA8IhQOxra6KQRDlMzieV,VDHt2Z5eajW1KfOr2tTbKQB,CSSU's iPad,"",http://squareup.com/dashboard/sales/transactions/zml3sA8IhQOxra6KQRDlMzieV/by-unit/4YJMFSNQWK476,Payment,CSSU (charity),"","","",""
12/09/17,19:00:18,Eastern Time (US & Canada),Drinks,Pop,1.0,"Classic, 355ml","","",$1.00,$0.00,$1.00,$0.00,zml3sA8IhQOxra6KQRDlMzieV,VDHt2Z5eajW1KfOr2tTbKQB,CSSU's iPad,"",http://squareup.com/dashboard/sales/transactions/zml3sA8IhQOxra6KQRDlMzieV/by-unit/4YJMFSNQWK476,Payment,CSSU (charity),"","","",""
12/09/17,19:00:18,Eastern Time (US & Canada),None,Ice Cream Sandwich,2.0,Vanilla,"","",$1.00,$0.00,$1.00,$0.00,zml3sA8IhQOxra6KQRDlMzieV,VDHt2Z5eajW1KfOr2tTbKQB,CSSU's iPad,"",http://squareup.com/dashboard/sales/transactions/zml3sA8IhQOxra6KQRDlMzieV/by-unit/4YJMFSNQWK476,Payment,CSSU (charity),"","","",""
12/09/17,18:51:08,Eastern Time (US & Canada),None,Ice Cream Sandwich,1.0,Vanilla,"","",$0.50,$0.00,$0.50,$0.00,5ljZ3fEnzvyLBSms0zCSdv3eV,9ndoo19WVBTKzQoKEaoCKQB,CSSU's iPad,"",http://squareup.com/dashboard/sales/transactions/5ljZ3fEnzvyLBSms0zCSdv3eV/by-unit/4YJMFSNQWK476,Payment,CSSU (charity),"","","",""
12/09/17,17:07:25,Eastern Time (US & Canada),None,Ice Cream Sandwich,10.0,Vanilla,"","",$5.00,$0.00,$5.00,$0.00,DkovEh679sX9RqcKL0M4tQ7eV,kHCv5TkxfeRcZydAOc7DbvMF,CSSU's iPad,"",http://squareup.com/dashboard/sales/transactions/DkovEh679sX9RqcKL0M4tQ7eV/by-unit/4YJMFSNQWK476,Payment,CSSU (charity),"",YG4GSGKVX57E6TYJ4WVAVFBJ1R,Di Chen,""
12/09/17,13:35:48,Eastern Time (US & Canada),None,Ice Cream Sandwich,4.0,Vanilla,"","",$2.00,$0.00,$2.00,$0.00,9LrkZ46LYqHpjAAiUbHhif0eV,DQKrx2SbCos9oqgx3MayKQB,CSSU's iPad,"",http://squareup.com/dashboard/sales/transactions/9LrkZ46LYqHpjAAiUbHhif0eV/by-unit/4YJMFSNQWK476,Payment,CSSU (charity),"","","",""
12/08/17,21:50:43,Eastern Time (US & Canada),Drinks,Arizona,1.0,Iced Tea,"","",$1.25,$0.00,$1.25,$0.00,JpTMO0nyzxYEjz70ooQRfiheV,lHXcJDC8sZqksNAp3HvJLQB,CSSU's iPad,"",http://squareup.com/dashboard/sales/transactions/JpTMO0nyzxYEjz70ooQRfiheV/by-unit/4YJMFSNQWK476,Payment,CSSU (charity),"","","",""
12/08/17,21:50:43,Eastern Time (US & Canada),None,Ice Cream Sandwich,1.0,Chocolate Chip,"","",$0.50,$0.00,$0.50,$0.00,JpTMO0nyzxYEjz70ooQRfiheV,lHXcJDC8sZqksNAp3HvJLQB,CSSU's iPad,"",http://squareup.com/dashboard/sales/transactions/JpTMO0nyzxYEjz70ooQRfiheV/by-unit/4YJMFSNQWK476,Payment,CSSU (charity),"","","",""
12/08/17,20:47:36,Eastern Time (US & Canada),None,Juice Box,1.0,Regular,"","",$0.75,$0.00,$0.75,$0.00,VT7j8gzcik9pz8eqHjHyik8eV,femfgQQWUykOAj4sJIebKQB,CSSU's iPad,"",http://squareup.com/dashboard/sales/transactions/VT7j8gzcik9pz8eqHjHyik8eV/by-unit/4YJMFSNQWK476,Payment,CSSU (charity),"","","",""
12/08/17,20:47:36,Eastern Time (US & Canada),None,Ice Cream Sandwich,1.0,Vanilla,"","",$0.50,$0.00,$0.50,$0.00,VT7j8gzcik9pz8eqHjHyik8eV,femfgQQWUykOAj4sJIebKQB,CSSU's iPad,"",http://squareup.com/dashboard/sales/transactions/VT7j8gzcik9pz8eqHjHyik8eV/by-unit/4YJMFSNQWK476,Payment,CSSU (charity),"","","",""
12/08/17,20:47:36,Eastern Time (US & Canada),None,Chips,1.0,Regular Price,"","",$0.75,$0.00,$0.75,$0.00,VT7j8gzcik9pz8eqHjHyik8eV,femfgQQWUykOAj4sJIebKQB,CSSU's iPad,"",http://squareup.com/dashboard/sales/transactions/VT7j8gzcik9pz8eqHjHyik8eV/by-unit/4YJMFSNQWK476,Payment,CSSU (charity),"","","",""
12/08/17,17:23:21,Eastern Time (US & Canada),None,Ice Cream Sandwich,1.0,Vanilla,"","",$0.50,$0.00,$0.50,$0.00,PkriyEyjk1JrO2CNTj2ArYseV,nU9wDnpk88D3Jqpx5PjcLQB,CSSU's iPad,"",http://squareup.com/dashboard/sales/transactions/PkriyEyjk1JrO2CNTj2ArYseV/by-unit/4YJMFSNQWK476,Payment,CSSU (charity),"","","",""
12/08/17,17:04:41,Eastern Time (US & Canada),None,Ice Cream Sandwich,2.0,Vanilla,"","",$1.00,$0.00,$1.00,$0.00,tHL5WVEia76HyNrHbsxWDOAfV,jcyyQFUxyt9WErL9OIIWKQB,CSSU's iPad,"",http://squareup.com/dashboard/sales/transactions/tHL5WVEia76HyNrHbsxWDOAfV/by-unit/4YJMFSNQWK476,Payment,CSSU (charity),"","","",""
12/08/17,16:30:21,Eastern Time (US & Canada),None,Ice Cream Sandwich,1.0,Vanilla,"","",$0.50,$0.00,$0.50,$0.00,p7GBkQdYW9f96M40vwJLryseV,xTMtTWmN1TsrRIUsFih6KQB,CSSU's iPad,"",http://squareup.com/dashboard/sales/transactions/p7GBkQdYW9f96M40vwJLryseV/by-unit/4YJMFSNQWK476,Payment,CSSU (charity),"","","",""
12/08/17,15:40:39,Eastern Time (US & Canada),None,Ice Cream Sandwich,1.0,Vanilla,"","",$0.50,$0.00,$0.50,$0.00,dHxAvIuMOCru77IZRp9YpUyeV,RnoU6Lrj8n5GiLd07pt5JQB,CSSU's iPad,"",http://squareup.com/dashboard/sales/transactions/dHxAvIuMOCru77IZRp9YpUyeV/by-unit/4YJMFSNQWK476,Payment,CSSU (charity),"","","",""
12/08/17,15:18:43,Eastern Time (US & Canada),None,Ice Cream Sandwich,1.0,Vanilla,"","",$0.50,$0.00,$0.50,$0.00,nKeDzbpcD1Q0ps6P6jlaQMjeV,bqtvcOGCPvDJYeVSLvTFKQB,CSSU's iPad,"",http://squareup.com/dashboard/sales/transactions/nKeDzbpcD1Q0ps6P6jlaQMjeV/by-unit/4YJMFSNQWK476,Payment,CSSU (charity),"","","",""
12/07/17,23:46:57,Eastern Time (US & Canada),None,Ice Cream Sandwich,1.0,Vanilla,"","",$0.50,$0.00,$0.50,$0.00,V5EMT0FlydwQKz0ckQGrzXheV,oMhxJwonVLbUPPOLDC4f4yMF,CSSU's iPad,"",http://squareup.com/dashboard/sales/transactions/V5EMT0FlydwQKz0ckQGrzXheV/by-unit/4YJMFSNQWK476,Payment,CSSU (charity),"","","",""
12/07/17,23:46:57,Eastern Time (US & Canada),None,Maynards,1.0,Regular,"","",$1.50,$0.00,$1.50,$0.00,V5EMT0FlydwQKz0ckQGrzXheV,oMhxJwonVLbUPPOLDC4f4yMF,CSSU's iPad,"",http://squareup.com/dashboard/sales/transactions/V5EMT0FlydwQKz0ckQGrzXheV/by-unit/4YJMFSNQWK476,Payment,CSSU (charity),"","","",""
12/07/17,21:57:01,Eastern Time (US & Canada),None,Ice Cream Sandwich,1.0,Vanilla,"","",$0.50,$0.00,$0.50,$0.00,dzTQgusjafLbms27E3pq2DpeV,RzYpUOU6ZGRPmedwaYukKQB,CSSU's iPad,"",http://squareup.com/dashboard/sales/transactions/dzTQgusjafLbms27E3pq2DpeV/by-unit/4YJMFSNQWK476,Payment,CSSU (charity),"","","",""
12/07/17,17:33:40,Eastern Time (US & Canada),None,Ice Cream Sandwich,2.0,Vanilla,"","",$1.00,$0.00,$1.00,$0.00,thy8fs2AYol21ayxzVc0jqxeV,NPBacF0w7BfPt9B5sxFnLQB,CSSU's iPad,"",http://squareup.com/dashboard/sales/transactions/thy8fs2AYol21ayxzVc0jqxeV/by-unit/4YJMFSNQWK476,Payment,CSSU (charity),"","","",""
12/07/17,17:18:57,Eastern Time (US & Canada),None,Ice Cream Sandwich,1.0,Vanilla,"","",$0.50,$0.00,$0.50,$0.00,ZRpJr6m7PhfAvF6aL3yCwIveV,BDqyFrfLG64NezVX4X1xKQB,CSSU's iPad,"",http://squareup.com/dashboard/sales/transactions/ZRpJr6m7PhfAvF6aL3yCwIveV/by-unit/4YJMFSNQWK476,Payment,CSSU (charity),"","","",""
12/07/17,17:10:16,Eastern Time (US & Canada),None,Ice Cream Sandwich,2.0,Vanilla,"","",$1.00,$0.00,$1.00,$0.00,JHegvTfNw1gjPPf0ylJ3dhqeV,hfUyUtu5csLAjeVqVfHJKQB,CSSU's iPad,"",http://squareup.com/dashboard/sales/transactions/JHegvTfNw1gjPPf0ylJ3dhqeV/by-unit/4YJMFSNQWK476,Payment,CSSU (charity),"","","",""
12/07/17,17:09:17,Eastern Time (US & Canada),None,Ice Cream Sandwich,2.0,Vanilla,"","",$1.00,$0.00,$1.00,$0.00,rMcQa5Qv1UmG8LeHtafqEg9eV,gd22J0uJZgjLgmfUp0vS5uMF,CSSU's iPad,"",http://squareup.com/dashboard/sales/transactions/rMcQa5Qv1UmG8LeHtafqEg9eV/by-unit/4YJMFSNQWK476,Payment,CSSU (charity),"","","",""
12/07/17,17:08:35,Eastern Time (US & Canada),None,Ice Cream Sandwich,1.0,Vanilla,"","",$0.50,$0.00,$0.50,$0.00,DqpgZ1V0WnttdeuEG0QTXD9eV,725Y7BCPApDduERfqrwNKQB,CSSU's iPad,"",http://squareup.com/dashboard/sales/transactions/DqpgZ1V0WnttdeuEG0QTXD9eV/by-unit/4YJMFSNQWK476,Payment,CSSU (charity),"","","",""
12/07/17,17:06:17,Eastern Time (US & Canada),None,Ice Cream Sandwich,2.0,Vanilla,"","",$1.00,$0.00,$1.00,$0.00,JBNVpLsMnsrk1n38aC1evLweV,HaGNIm50qX1jneZ0fh9OKQB,CSSU's iPad,"",http://squareup.com/dashboard/sales/transactions/JBNVpLsMnsrk1n38aC1evLweV/by-unit/4YJMFSNQWK476,Payment,CSSU (charity),"","","",""
12/07/17,16:31:01,Eastern Time (US & Canada),None,Ice Cream Sandwich,1.0,Vanilla,"","",$0.50,$0.00,$0.50,$0.00,9PRC1NhEQp3iYMZ4hD5xuFteV,RXISJ6oXAqcojCZYlm7pKQB,CSSU's iPad,"",http://squareup.com/dashboard/sales/transactions/9PRC1NhEQp3iYMZ4hD5xuFteV/by-unit/4YJMFSNQWK476,Payment,CSSU (charity),"","","",""
12/07/17,16:24:48,Eastern Time (US & Canada),None,Maynards,1.0,Regular,"","",$1.50,$0.00,$1.50,$0.00,fSO22bE6s6QdVS4OkBfoyE1eV,WllojpNrgt4YyvvtjssyrzMF,CSSU's iPad,"",http://squareup.com/dashboard/sales/transactions/fSO22bE6s6QdVS4OkBfoyE1eV/by-unit/4YJMFSNQWK476,Payment,CSSU (charity),"","","",""
12/07/17,16:24:48,Eastern Time (US & Canada),None,Ice Cream Sandwich,4.0,Vanilla,"","",$2.00,$0.00,$2.00,$0.00,fSO22bE6s6QdVS4OkBfoyE1eV,WllojpNrgt4YyvvtjssyrzMF,CSSU's iPad,"",http://squareup.com/dashboard/sales/transactions/fSO22bE6s6QdVS4OkBfoyE1eV/by-unit/4YJMFSNQWK476,Payment,CSSU (charity),"","","",""
12/07/17,16:21:31,Eastern Time (US & Canada),None,Ice Cream Sandwich,1.0,Vanilla,"","",$0.50,$0.00,$0.50,$0.00,1pcy4KBR6UUEss0tTV5Lle3eV,3Wa2ooVUQLEtfrTnf19lKQB,CSSU's iPad,"",http://squareup.com/dashboard/sales/transactions/1pcy4KBR6UUEss0tTV5Lle3eV/by-unit/4YJMFSNQWK476,Payment,CSSU (charity),"","","",""
12/07/17,16:21:31,Eastern Time (US & Canada),None,Ice Cream Sandwich,3.0,Vanilla,"","",$1.50,$0.00,$1.50,$0.00,1pcy4KBR6UUEss0tTV5Lle3eV,3Wa2ooVUQLEtfrTnf19lKQB,CSSU's iPad,"",http://squareup.com/dashboard/sales/transactions/1pcy4KBR6UUEss0tTV5Lle3eV/by-unit/4YJMFSNQWK476,Payment,CSSU (charity),"","","",""
12/07/17,15:47:07,Eastern Time (US & Canada),None,Ice Cream Sandwich,1.0,Vanilla,"","",$0.50,$0.00,$0.50,$0.00,5D6BPWeLIgjjZUK0smpaYFmeV,lN41uvq0ISmP7MmzYTglKQB,CSSU's iPad,"",http://squareup.com/dashboard/sales/transactions/5D6BPWeLIgjjZUK0smpaYFmeV/by-unit/4YJMFSNQWK476,Payment,CSSU (charity),"","","",""
12/07/17,15:40:26,Eastern Time (US & Canada),None,Ice Cream Sandwich,1.0,Vanilla,"","",$0.50,$0.00,$0.50,$0.00,vmeXWUqVMOiGywn5QfmEppleV,nozcwo905weJOPuHRasdLQB,CSSU's iPad,"",http://squareup.com/dashboard/sales/transactions/vmeXWUqVMOiGywn5QfmEppleV/by-unit/4YJMFSNQWK476,Payment,CSSU (charity),"","","",""
12/07/17,12:32:59,Eastern Time (US & Canada),None,Ice Cream Sandwich,1.0,Vanilla,"","",$0.50,$0.00,$0.50,$0.00,ZBtvh9O5KW5DYvIQbAkO6h9eV,vesoQxVUeUNaWL7vcE7HKQB,CSSU's iPad,"",http://squareup.com/dashboard/sales/transactions/ZBtvh9O5KW5DYvIQbAkO6h9eV/by-unit/4YJMFSNQWK476,Payment,CSSU (charity),"","","",""
12/07/17,01:31:20,Eastern Time (US & Canada),None,Ice Cream Sandwich,2.0,Vanilla,"","",$1.00,$0.00,$1.00,$0.00,rK30dnNoI29KXvEzuSJT2ooeV,XS3dVK3Ac7QowIlLRHQ0owMF,CSSU's iPad,"",http://squareup.com/dashboard/sales/transactions/rK30dnNoI29KXvEzuSJT2ooeV/by-unit/4YJMFSNQWK476,Payment,CSSU (charity),"",VWRWZ0FQVX25WKJ9VEQPPADS8G,Michael Wang,""
12/07/17,01:10:32,Eastern Time (US & Canada),None,Ice Cream Sandwich,1.0,Vanilla,"","",$0.50,$0.00,$0.50,$0.00,xJJ0CoIoG4vzJBuHYGSAtjgeV,Sv77xWpWi5ye4iQXpga4vxMF,CSSU's iPad,"",http://squareup.com/dashboard/sales/transactions/xJJ0CoIoG4vzJBuHYGSAtjgeV/by-unit/4YJMFSNQWK476,Payment,CSSU (charity),"","","",""
12/07/17,01:10:32,Eastern Time (US & Canada),Chocolate ,Chocolates,1.0,M&M Almond,"","",$1.50,$0.00,$1.50,$0.00,xJJ0CoIoG4vzJBuHYGSAtjgeV,Sv77xWpWi5ye4iQXpga4vxMF,CSSU's iPad,"",http://squareup.com/dashboard/sales/transactions/xJJ0CoIoG4vzJBuHYGSAtjgeV/by-unit/4YJMFSNQWK476,Payment,CSSU (charity),"","","",""
12/07/17,00:25:11,Eastern Time (US & Canada),None,Ice Cream Sandwich,3.0,Vanilla,"","",$1.50,$0.00,$1.50,$0.00,TmNlvmSAEzzU8uJisxune9heV,nuUHGAjjHimfDUgEKqyzKQB,CSSU's iPad,"",http://squareup.com/dashboard/sales/transactions/TmNlvmSAEzzU8uJisxune9heV/by-unit/4YJMFSNQWK476,Payment,CSSU (charity),"","","",""
12/06/17,22:10:19,Eastern Time (US & Canada),None,Ice Cream Sandwich,2.0,Chocolate,"","",$1.00,$0.00,$1.00,$0.00,Dcm8OfisyvtQ2n1ohzshzzzeV,5nObbaKtAVF12b9uThylovMF,CSSU's iPad,"",http://squareup.com/dashboard/sales/transactions/Dcm8OfisyvtQ2n1ohzshzzzeV/by-unit/4YJMFSNQWK476,Payment,CSSU (charity),"",E2X8QGQH9S0KWKW7TMCPX66WRG,Yeqi.mr Sang,""
12/06/17,21:12:03,Eastern Time (US & Canada),None,Ice Cream Sandwich,1.0,Vanilla,"","",$0.50,$0.00,$0.50,$0.00,v24y93uybbVsxdKQQoUHrTpeV,N9E40Fb302HI4oc5eDbkLQB,CSSU's iPad,"",http://squareup.com/dashboard/sales/transactions/v24y93uybbVsxdKQQoUHrTpeV/by-unit/4YJMFSNQWK476,Payment,CSSU (charity),"","","",""
12/06/17,20:33:23,Eastern Time (US & Canada),None,Ice Cream Sandwich,1.0,Vanilla,"","",$0.50,$0.00,$0.50,$0.00,5td60uHwNIihftPuZ9fnnD8eV,J7CZDmiTuoIRZVAcrEDlLQB,CSSU's iPad,"",http://squareup.com/dashboard/sales/transactions/5td60uHwNIihftPuZ9fnnD8eV/by-unit/4YJMFSNQWK476,Payment,CSSU (charity),"","","",""
12/06/17,18:26:59,Eastern Time (US & Canada),None,Ice Cream Sandwich,2.0,Vanilla,"","",$1.00,$0.00,$1.00,$0.00,JhJdAQVdBsRKBTwv3gvJ721eV,VztUmrw3GySrYN9k5P1hLQB,CSSU's iPad,"",http://squareup.com/dashboard/sales/transactions/JhJdAQVdBsRKBTwv3gvJ721eV/by-unit/4YJMFSNQWK476,Payment,CSSU (charity),"","","",""
12/06/17,13:55:55,Eastern Time (US & Canada),None,Maynards,1.0,Regular,"","",$1.50,$0.00,$1.50,$0.00,BLgf7LMbGLdnryTK0WNIHrueV,JY6bOY8xpNEXELeaLSIgXzMF,CSSU's iPad,"",http://squareup.com/dashboard/sales/transactions/BLgf7LMbGLdnryTK0WNIHrueV/by-unit/4YJMFSNQWK476,Payment,CSSU (charity),"",3A804AH3251RYTCHBTRPVZG0W8,Yifan Xu,""
12/06/17,13:55:55,Eastern Time (US & Canada),None,Ice Cream Sandwich,1.0,Chocolate,"","",$0.50,$0.00,$0.50,$0.00,BLgf7LMbGLdnryTK0WNIHrueV,JY6bOY8xpNEXELeaLSIgXzMF,CSSU's iPad,"",http://squareup.com/dashboard/sales/transactions/BLgf7LMbGLdnryTK0WNIHrueV/by-unit/4YJMFSNQWK476,Payment,CSSU (charity),"",3A804AH3251RYTCHBTRPVZG0W8,Yifan Xu,""
12/06/17,12:36:08,Eastern Time (US & Canada),None,Ice Cream Sandwich,2.0,Vanilla,"","",$1.00,$0.00,$1.00,$0.00,lvRHpbJK1JXvedF186K1HU2eV,rXnkf8WcIQLQgF7aAWdhivMF,CSSU's iPad,"",http://squareup.com/dashboard/sales/transactions/lvRHpbJK1JXvedF186K1HU2eV/by-unit/4YJMFSNQWK476,Payment,CSSU (charity),"","","",""
12/06/17,11:58:28,Eastern Time (US & Canada),None,Ice Cream Sandwich,1.0,Vanilla,"","",$0.50,$0.00,$0.50,$0.00,TuJbijDKbG8ITNjQgG9WHRgeV,tBSgrvmaq3IMbjzgCU5xJQB,CSSU's iPad,"",http://squareup.com/dashboard/sales/transactions/TuJbijDKbG8ITNjQgG9WHRgeV/by-unit/4YJMFSNQWK476,Payment,CSSU (charity),"","","",""
12/06/17,02:29:41,Eastern Time (US & Canada),None,Ice Cream Sandwich,1.0,Vanilla,"","",$0.50,$0.00,$0.50,$0.00,57k6OzR8JfgdP1LMI3dQ16leV,cnmOCLzY1DguHx8kbSDOCvMF,CSSU's iPad,"",http://squareup.com/dashboard/sales/transactions/57k6OzR8JfgdP1LMI3dQ16leV/by-unit/4YJMFSNQWK476,Payment,CSSU (charity),"",E2X8QGQH9S0KWKW7TMCPX66WRG,Yeqi.mr Sang,""
12/06/17,02:29:41,Eastern Time (US & Canada),None,Ice Cream Sandwich,1.0,Chocolate,"","",$0.50,$0.00,$0.50,$0.00,57k6OzR8JfgdP1LMI3dQ16leV,cnmOCLzY1DguHx8kbSDOCvMF,CSSU's iPad,"",http://squareup.com/dashboard/sales/transactions/57k6OzR8JfgdP1LMI3dQ16leV/by-unit/4YJMFSNQWK476,Payment,CSSU (charity),"",E2X8QGQH9S0KWKW7TMCPX66WRG,Yeqi.mr Sang,""
12/06/17,02:29:41,Eastern Time (US & Canada),Drinks,Pop,2.0,"Diet, 355ml","","",$2.00,$0.00,$2.00,$0.00,57k6OzR8JfgdP1LMI3dQ16leV,cnmOCLzY1DguHx8kbSDOCvMF,CSSU's iPad,"",http://squareup.com/dashboard/sales/transactions/57k6OzR8JfgdP1LMI3dQ16leV/by-unit/4YJMFSNQWK476,Payment,CSSU (charity),"",E2X8QGQH9S0KWKW7TMCPX66WRG,Yeqi.mr Sang,""
12/06/17,02:29:41,Eastern Time (US & Canada),Drinks,Arizona,1.0,"Regular Price, 500ml","","",$1.25,$0.00,$1.25,$0.00,57k6OzR8JfgdP1LMI3dQ16leV,cnmOCLzY1DguHx8kbSDOCvMF,CSSU's iPad,"",http://squareup.com/dashboard/sales/transactions/57k6OzR8JfgdP1LMI3dQ16leV/by-unit/4YJMFSNQWK476,Payment,CSSU (charity),"",E2X8QGQH9S0KWKW7TMCPX66WRG,Yeqi.mr Sang,""
12/06/17,02:26:23,Eastern Time (US & Canada),None,Maynards,1.0,Regular,"","",$1.50,$0.00,$1.50,$0.00,Tq3Tu78kEVjIasX9F5ledR8eV,aJdPhNZf1x4eKwwOM611IyMF,CSSU's iPad,"",http://squareup.com/dashboard/sales/transactions/Tq3Tu78kEVjIasX9F5ledR8eV/by-unit/4YJMFSNQWK476,Payment,CSSU (charity),"","","",""
12/06/17,02:26:23,Eastern Time (US & Canada),Drinks,Pop,1.0,"Zero, 355ml","","",$1.00,$0.00,$1.00,$0.00,Tq3Tu78kEVjIasX9F5ledR8eV,aJdPhNZf1x4eKwwOM611IyMF,CSSU's iPad,"",http://squareup.com/dashboard/sales/transactions/Tq3Tu78kEVjIasX9F5ledR8eV/by-unit/4YJMFSNQWK476,Payment,CSSU (charity),"","","",""
12/06/17,02:26:23,Eastern Time (US & Canada),None,Ice Cream Sandwich,1.0,Vanilla,"","",$0.50,$0.00,$0.50,$0.00,Tq3Tu78kEVjIasX9F5ledR8eV,aJdPhNZf1x4eKwwOM611IyMF,CSSU's iPad,"",http://squareup.com/dashboard/sales/transactions/Tq3Tu78kEVjIasX9F5ledR8eV/by-unit/4YJMFSNQWK476,Payment,CSSU (charity),"","","",""
12/06/17,02:26:23,Eastern Time (US & Canada),None,Ice Cream Sandwich,1.0,Chocolate,"","",$0.50,$0.00,$0.50,$0.00,Tq3Tu78kEVjIasX9F5ledR8eV,aJdPhNZf1x4eKwwOM611IyMF,CSSU's iPad,"",http://squareup.com/dashboard/sales/transactions/Tq3Tu78kEVjIasX9F5ledR8eV/by-unit/4YJMFSNQWK476,Payment,CSSU (charity),"","","",""
12/06/17,00:00:22,Eastern Time (US & Canada),None,Ice Cream Sandwich,1.0,Vanilla,"","",$0.50,$0.00,$0.50,$0.00,xja4lLFxQI56uarL9jcCDnreV,FXRNbZAGk2JVDfdI1x4ULQB,CSSU's iPad,"",http://squareup.com/dashboard/sales/transactions/xja4lLFxQI56uarL9jcCDnreV/by-unit/4YJMFSNQWK476,Payment,CSSU (charity),"","","",""
12/06/17,00:00:22,Eastern Time (US & Canada),Drinks,Arizona,1.0,"Regular Price, 500ml","","",$1.25,$0.00,$1.25,$0.00,xja4lLFxQI56uarL9jcCDnreV,FXRNbZAGk2JVDfdI1x4ULQB,CSSU's iPad,"",http://squareup.com/dashboard/sales/transactions/xja4lLFxQI56uarL9jcCDnreV/by-unit/4YJMFSNQWK476,Payment,CSSU (charity),"","","",""
12/06/17,00:00:22,Eastern Time (US & Canada),Chocolate ,Chocolates,1.0,Kit Kat,"","",$1.50,$0.00,$1.50,$0.00,xja4lLFxQI56uarL9jcCDnreV,FXRNbZAGk2JVDfdI1x4ULQB,CSSU's iPad,"",http://squareup.com/dashboard/sales/transactions/xja4lLFxQI56uarL9jcCDnreV/by-unit/4YJMFSNQWK476,Payment,CSSU (charity),"","","",""
12/05/17,23:16:27,Eastern Time (US & Canada),None,Ice Cream Sandwich,1.0,Chocolate,"","",$0.50,$0.00,$0.50,$0.00,h9vASCcdZysyCUAgqakbbeleV,Fpy1fiDT0uLRhXwQuuMRKQB,CSSU's iPad,"",http://squareup.com/dashboard/sales/transactions/h9vASCcdZysyCUAgqakbbeleV/by-unit/4YJMFSNQWK476,Payment,CSSU (charity),"","","",""
12/05/17,20:10:58,Eastern Time (US & Canada),None,Ice Cream Sandwich,1.0,Vanilla,"","",$0.50,$0.00,$0.50,$0.00,1nlBnrdtrjsRpCkOJhq9qUieV,pLMAqZArElauoIvHHLMWLQB,CSSU's iPad,"",http://squareup.com/dashboard/sales/transactions/1nlBnrdtrjsRpCkOJhq9qUieV/by-unit/4YJMFSNQWK476,Payment,CSSU (charity),"","","",""
12/05/17,19:39:38,Eastern Time (US & Canada),None,Ice Cream Sandwich,3.0,Vanilla,"","",$1.50,$0.00,$1.50,$0.00,bKP4MyMn1tG3enwRIDim9QheV,cd6lzWCv1TXBMh1PazBYSsMF,CSSU's iPad,"",http://squareup.com/dashboard/sales/transactions/bKP4MyMn1tG3enwRIDim9QheV/by-unit/4YJMFSNQWK476,Payment,CSSU (charity),"",VWRWZ0FQVX25WKJ9VEQPPADS8G,Michael Wang,""
12/05/17,18:57:32,Eastern Time (US & Canada),None,Ice Cream Sandwich,2.0,Vanilla,"","",$1.00,$0.00,$1.00,$0.00,FpQy4hwmss0P2UQ7J56f2gseV,gCAcAaLILrzSmlkn1Mz7uzMF,CSSU's iPad,"",http://squareup.com/dashboard/sales/transactions/FpQy4hwmss0P2UQ7J56f2gseV/by-unit/4YJMFSNQWK476,Payment,CSSU (charity),"",Q1FVDC1Q1H7K8Z47WF9ECHYV5W,Daniel Horga,""
12/05/17,18:55:15,Eastern Time (US & Canada),None,Ice Cream Sandwich,2.0,Vanilla,"","",$1.00,$0.00,$1.00,$0.00,tXnDU6tbtFDaJZVU2qWbYnweV,HuwhqM4mZYxciu8OFumMKQB,CSSU's iPad,"",http://squareup.com/dashboard/sales/transactions/tXnDU6tbtFDaJZVU2qWbYnweV/by-unit/4YJMFSNQWK476,Payment,CSSU (charity),"","","",""
12/05/17,17:38:51,Eastern Time (US & Canada),None,Ice Cream Sandwich,2.0,Vanilla,"","",$1.00,$0.00,$1.00,$0.00,Dm7YUVCTHG30ojJO0ylHe8geV,FmtP7iRMPvUivcMJ0bwe3zMF,CSSU's iPad,"",http://squareup.com/dashboard/sales/transactions/Dm7YUVCTHG30ojJO0ylHe8geV/by-unit/4YJMFSNQWK476,Payment,CSSU (charity),"","","",""
12/05/17,17:29:02,Eastern Time (US & Canada),None,Ice Cream Sandwich,2.0,Vanilla,"","",$1.00,$0.00,$1.00,$0.00,T4oQypJKoTEuyfhkq2gaWmfeV,P2cgpFiiHri3YJydp7HcKQB,CSSU's iPad,"",http://squareup.com/dashboard/sales/transactions/T4oQypJKoTEuyfhkq2gaWmfeV/by-unit/4YJMFSNQWK476,Payment,CSSU (charity),"","","",""
12/05/17,17:26:35,Eastern Time (US & Canada),None,Ice Cream Sandwich,1.0,Vanilla,"","",$0.50,$0.00,$0.50,$0.00,FBmdvLY3kLkPXRya6HLCn1qeV,jaz1z6eCVDXjEAAuMTSbKQB,CSSU's iPad,"",http://squareup.com/dashboard/sales/transactions/FBmdvLY3kLkPXRya6HLCn1qeV/by-unit/4YJMFSNQWK476,Payment,CSSU (charity),"","","",""
12/05/17,17:21:38,Eastern Time (US & Canada),None,Ice Cream Sandwich,1.0,Vanilla,"","",$0.50,$0.00,$0.50,$0.00,LMKRVlxZ9vBI4ePKzj6wrOteV,L6TyPA5C7fn7STjZyN7fLQB,CSSU's iPad,"",http://squareup.com/dashboard/sales/transactions/LMKRVlxZ9vBI4ePKzj6wrOteV/by-unit/4YJMFSNQWK476,Payment,CSSU (charity),"","","",""
12/05/17,16:37:44,Eastern Time (US & Canada),None,Ice Cream Sandwich,1.0,Vanilla,"","",$0.50,$0.00,$0.50,$0.00,1jHdYvOwafeVceTRWlx0zCweV,F9sPkAdvdYW46k0cFxf2JQB,CSSU's iPad,"",http://squareup.com/dashboard/sales/transactions/1jHdYvOwafeVceTRWlx0zCweV/by-unit/4YJMFSNQWK476,Payment,CSSU (charity),"","","",""
12/05/17,15:52:13,Eastern Time (US & Canada),None,Ice Cream Sandwich,1.0,Vanilla,"","",$0.50,$0.00,$0.50,$0.00,PIrfJohZgGMA7azjOQgZjUjeV,jMIhEDEKsbbAV5pMTBGaLQB,CSSU's iPad,"",http://squareup.com/dashboard/sales/transactions/PIrfJohZgGMA7azjOQgZjUjeV/by-unit/4YJMFSNQWK476,Payment,CSSU (charity),"","","",""
12/05/17,15:46:55,Eastern Time (US & Canada),None,Ice Cream Sandwich,2.0,Vanilla,"","",$1.00,$0.00,$1.00,$0.00,hn6NpxEryLmBuKI8dgzUwdleV,vSERXsEwJ1mUEEn4yPNKKQB,CSSU's iPad,"",http://squareup.com/dashboard/sales/transactions/hn6NpxEryLmBuKI8dgzUwdleV/by-unit/4YJMFSNQWK476,Payment,CSSU (charity),"","","",""
12/05/17,15:31:31,Eastern Time (US & Canada),None,Ice Cream Sandwich,1.0,Vanilla,"","",$0.50,$0.00,$0.50,$0.00,5tR40HWLYWdBew1jiqXakipeV,jokwYnq0HNH8ZUy8X9ejKQB,CSSU's iPad,"",http://squareup.com/dashboard/sales/transactions/5tR40HWLYWdBew1jiqXakipeV/by-unit/4YJMFSNQWK476,Payment,CSSU (charity),"","","",""
12/05/17,11:40:32,Eastern Time (US & Canada),None,Ice Cream Sandwich,1.0,Vanilla,"","",$0.50,$0.00,$0.50,$0.00,Fzj9AImbVetmXygbXgjNkCoeV,jIkoaISxHXppJZg8BH4hKQB,CSSU's iPad,"",http://squareup.com/dashboard/sales/transactions/Fzj9AImbVetmXygbXgjNkCoeV/by-unit/4YJMFSNQWK476,Payment,CSSU (charity),"","","",""
12/05/17,01:42:21,Eastern Time (US & Canada),None,Ice Cream Sandwich,2.0,Vanilla,"","",$1.00,$0.00,$1.00,$0.00,Ndm3TNcDHhJ9cGZWpAMAYWAfV,68JTLNkkSbDM2MXhgi3s1wMF,CSSU's iPad,"",http://squareup.com/dashboard/sales/transactions/Ndm3TNcDHhJ9cGZWpAMAYWAfV/by-unit/4YJMFSNQWK476,Payment,CSSU (charity),"","","",""
12/05/17,01:42:21,Eastern Time (US & Canada),None,Chips,1.0,2 for $1,"","",$1.00,$0.00,$1.00,$0.00,Ndm3TNcDHhJ9cGZWpAMAYWAfV,68JTLNkkSbDM2MXhgi3s1wMF,CSSU's iPad,"",http://squareup.com/dashboard/sales/transactions/Ndm3TNcDHhJ9cGZWpAMAYWAfV/by-unit/4YJMFSNQWK476,Payment,CSSU (charity),"","","",""
12/05/17,01:42:21,Eastern Time (US & Canada),Clif,Protein ,1.0,Regular,"","",$2.25,$0.00,$2.25,$0.00,Ndm3TNcDHhJ9cGZWpAMAYWAfV,68JTLNkkSbDM2MXhgi3s1wMF,CSSU's iPad,"",http://squareup.com/dashboard/sales/transactions/Ndm3TNcDHhJ9cGZWpAMAYWAfV/by-unit/4YJMFSNQWK476,Payment,CSSU (charity),"","","",""
12/04/17,22:35:21,Eastern Time (US & Canada),None,Ice Cream Sandwich,1.0,Vanilla,"","",$0.50,$0.00,$0.50,$0.00,BNJX59wLYDwlwvJx3QaZqBgeV,dVsiDcwlCYob9D7W5v6LKQB,CSSU's iPad,"",http://squareup.com/dashboard/sales/transactions/BNJX59wLYDwlwvJx3QaZqBgeV/by-unit/4YJMFSNQWK476,Payment,CSSU (charity),"","","",""
12/04/17,22:35:21,Eastern Time (US & Canada),None,Ice Cream Sandwich,1.0,Chocolate,"","",$0.50,$0.00,$0.50,$0.00,BNJX59wLYDwlwvJx3QaZqBgeV,dVsiDcwlCYob9D7W5v6LKQB,CSSU's iPad,"",http://squareup.com/dashboard/sales/transactions/BNJX59wLYDwlwvJx3QaZqBgeV/by-unit/4YJMFSNQWK476,Payment,CSSU (charity),"","","",""
12/04/17,19:31:32,Eastern Time (US & Canada),None,Ice Cream Sandwich,1.0,Vanilla,"","",$0.50,$0.00,$0.50,$0.00,5pVNxr3hoS0zxAuX90PDioleV,R1NpnoRtApBlg8dF14AeKQB,CSSU's iPad,"",http://squareup.com/dashboard/sales/transactions/5pVNxr3hoS0zxAuX90PDioleV/by-unit/4YJMFSNQWK476,Payment,CSSU (charity),"","","",""
12/04/17,19:30:45,Eastern Time (US & Canada),None,Ice Cream Sandwich,1.0,Vanilla,"","",$0.50,$0.00,$0.50,$0.00,tXrNuLCqCTqvhwpvO7PZz6peV,fCeys2Ce0nBI6JHc1tIQKQB,CSSU's iPad,"",http://squareup.com/dashboard/sales/transactions/tXrNuLCqCTqvhwpvO7PZz6peV/by-unit/4YJMFSNQWK476,Payment,CSSU (charity),"","","",""
12/04/17,19:02:00,Eastern Time (US & Canada),None,Ice Cream Sandwich,1.0,Vanilla,"","",$0.50,$0.00,$0.50,$0.00,VZOPA3wMnSX1cjnTuKVIabneV,5zYS8xaNJ3ixipHe65DQKQB,CSSU's iPad,"",http://squareup.com/dashboard/sales/transactions/VZOPA3wMnSX1cjnTuKVIabneV/by-unit/4YJMFSNQWK476,Payment,CSSU (charity),"","","",""
12/04/17,18:58:28,Eastern Time (US & Canada),None,Ice Cream Sandwich,1.0,Vanilla,"","",$0.50,$0.00,$0.50,$0.00,voLLp8zNoFKPAubCKuc7KkkeV,v6Y3gHg2FLN2UAt7Nfx3KQB,CSSU's iPad,"",http://squareup.com/dashboard/sales/transactions/voLLp8zNoFKPAubCKuc7KkkeV/by-unit/4YJMFSNQWK476,Payment,CSSU (charity),"","","",""
12/04/17,18:11:42,Eastern Time (US & Canada),None,Ice Cream Sandwich,2.0,Vanilla,"","",$1.00,$0.00,$1.00,$0.00,jOjwJZoSFUCj9mhtz4gikJzeV,DIGnLAuIBHRO4CLM6EkCKQB,CSSU's iPad,"",http://squareup.com/dashboard/sales/transactions/jOjwJZoSFUCj9mhtz4gikJzeV/by-unit/4YJMFSNQWK476,Payment,CSSU (charity),"","","",""
12/04/17,16:50:59,Eastern Time (US & Canada),Drinks,Pop,1.0,"Diet, 355ml","","",$1.00,$0.00,$1.00,$0.00,xDO8qZ5SB0y7QlCVdJKUVkmeV,pTxTVGfgX05uaSDn6rHCvvMF,CSSU's iPad,"",http://squareup.com/dashboard/sales/transactions/xDO8qZ5SB0y7QlCVdJKUVkmeV/by-unit/4YJMFSNQWK476,Payment,CSSU (charity),"",JAVPPXYKWX38CXAT844VCAFZ1G,Shubham.mr Dhond,""
12/04/17,16:50:59,Eastern Time (US & Canada),None,Ice Cream Sandwich,1.0,Vanilla,"","",$0.50,$0.00,$0.50,$0.00,xDO8qZ5SB0y7QlCVdJKUVkmeV,pTxTVGfgX05uaSDn6rHCvvMF,CSSU's iPad,"",http://squareup.com/dashboard/sales/transactions/xDO8qZ5SB0y7QlCVdJKUVkmeV/by-unit/4YJMFSNQWK476,Payment,CSSU (charity),"",JAVPPXYKWX38CXAT844VCAFZ1G,Shubham.mr Dhond,""
12/04/17,16:35:50,Eastern Time (US & Canada),None,Ice Cream Sandwich,1.0,Vanilla,"","",$0.50,$0.00,$0.50,$0.00,3mgvnvImSYGRw23nyRyl5l2eV,DUyUivdVjuhHtfpsmIz3JQB,CSSU's iPad,"",http://squareup.com/dashboard/sales/transactions/3mgvnvImSYGRw23nyRyl5l2eV/by-unit/4YJMFSNQWK476,Payment,CSSU (charity),"","","",""
12/04/17,16:23:51,Eastern Time (US & Canada),None,Ice Cream Sandwich,1.0,Vanilla,"","",$0.50,$0.00,$0.50,$0.00,lhA6Xqs5Sr78G223mY96Al9eV,trd3nM9d6PStJaoLftTOKQB,CSSU's iPad,"",http://squareup.com/dashboard/sales/transactions/lhA6Xqs5Sr78G223mY96Al9eV/by-unit/4YJMFSNQWK476,Payment,CSSU (charity),"","","",""
12/04/17,15:31:35,Eastern Time (US & Canada),None,Ice Cream Sandwich,4.0,Vanilla,"","",$2.00,$0.00,$2.00,$0.00,3QrkkLILdkHZaWv73AmuxLieV,jCL5oM8Eq4mhluFVXcpwKQB,CSSU's iPad,"",http://squareup.com/dashboard/sales/transactions/3QrkkLILdkHZaWv73AmuxLieV/by-unit/4YJMFSNQWK476,Payment,CSSU (charity),"","","",""
12/04/17,14:43:51,Eastern Time (US & Canada),None,Ice Cream Sandwich,1.0,Vanilla,"","",$0.50,$0.00,$0.50,$0.00,jCb9iSmV5m83vXDlDikblcseV,bqHGBQjYZRgtVCoZBmKhLQB,CSSU's iPad,"",http://squareup.com/dashboard/sales/transactions/jCb9iSmV5m83vXDlDikblcseV/by-unit/4YJMFSNQWK476,Payment,CSSU (charity),"","","",""
12/04/17,13:59:35,Eastern Time (US & Canada),None,Ice Cream Sandwich,1.0,Chocolate,"","",$0.50,$0.00,$0.50,$0.00,FdMXOD8ocATp0Q27GP56H2teV,7M80J6JuwC7VEXVXltCGLQB,CSSU's iPad,"",http://squareup.com/dashboard/sales/transactions/FdMXOD8ocATp0Q27GP56H2teV/by-unit/4YJMFSNQWK476,Payment,CSSU (charity),"","","",""
12/03/17,21:43:29,Eastern Time (US & Canada),None,Ice Cream Sandwich,1.0,Vanilla,"","",$0.50,$0.00,$0.50,$0.00,RZvFZyYOiWu7M8u3nrjeFgneV,pHGuwqt3vlKOXc6rA9Z9KQB,CSSU's iPad,"",http://squareup.com/dashboard/sales/transactions/RZvFZyYOiWu7M8u3nrjeFgneV/by-unit/4YJMFSNQWK476,Payment,CSSU (charity),"","","",""
12/03/17,19:20:37,Eastern Time (US & Canada),Drinks,Pop,1.0,"Classic, 355ml","","",$1.00,$0.00,$1.00,$0.00,H0xs4Glqb5MKfUCarhfV3uxeV,TQYABvmUbv0QRiOL82heKQB,CSSU's iPad,"",http://squareup.com/dashboard/sales/transactions/H0xs4Glqb5MKfUCarhfV3uxeV/by-unit/4YJMFSNQWK476,Payment,CSSU (charity),"","","",""
12/03/17,19:20:37,Eastern Time (US & Canada),None,Ice Cream Sandwich,1.0,Vanilla,"","",$0.50,$0.00,$0.50,$0.00,H0xs4Glqb5MKfUCarhfV3uxeV,TQYABvmUbv0QRiOL82heKQB,CSSU's iPad,"",http://squareup.com/dashboard/sales/transactions/H0xs4Glqb5MKfUCarhfV3uxeV/by-unit/4YJMFSNQWK476,Payment,CSSU (charity),"","","",""
12/03/17,19:20:21,Eastern Time (US & Canada),None,Ice Cream Sandwich,1.0,Vanilla,"","",$0.50,$0.00,$0.50,$0.00,H03rSeUtbruEKO6cViLR4ZweV,dVsgsR0jUd3pI76UVxUPLQB,CSSU's iPad,"",http://squareup.com/dashboard/sales/transactions/H03rSeUtbruEKO6cViLR4ZweV/by-unit/4YJMFSNQWK476,Payment,CSSU (charity),"","","",""
12/02/17,16:46:12,Eastern Time (US & Canada),None,Ice Cream Sandwich,1.0,Vanilla,"","",$0.50,$0.00,$0.50,$0.00,dpC0VqiASjt84x4KdVkzrxreV,vK0pq0TaWsRf5IqmcU0QKQB,CSSU's iPad,"",http://squareup.com/dashboard/sales/transactions/dpC0VqiASjt84x4KdVkzrxreV/by-unit/4YJMFSNQWK476,Payment,CSSU (charity),"","","",""
12/02/17,16:34:29,Eastern Time (US & Canada),None,Ice Cream Sandwich,2.0,Chocolate Chip,"","",$1.00,$0.00,$1.00,$0.00,xNrmpNdmUyLcVjdKkJm1HdueV,7W9QCZ6Nv9qDaXmJVFwgKQB,CSSU's iPad,"",http://squareup.com/dashboard/sales/transactions/xNrmpNdmUyLcVjdKkJm1HdueV/by-unit/4YJMFSNQWK476,Payment,CSSU (charity),"","","",""
12/02/17,14:06:42,Eastern Time (US & Canada),None,Ice Cream Sandwich,1.0,Vanilla,"","",$0.50,$0.00,$0.50,$0.00,rUqHTlI2RfFalVuENbIogK6eV,TIKj5Lpbkef4B8CeZoW4KQB,CSSU's iPad,"",http://squareup.com/dashboard/sales/transactions/rUqHTlI2RfFalVuENbIogK6eV/by-unit/4YJMFSNQWK476,Payment,CSSU (charity),"","","",""
12/01/17,21:33:46,Eastern Time (US & Canada),None,Ice Cream Sandwich,1.0,Vanilla,"","",$0.50,$0.00,$0.50,$0.00,b0eNWBkInmprqisPYskgt5heV,9P9M5oQicxgdhWeDRQ9rKQB,CSSU's iPad,"",http://squareup.com/dashboard/sales/transactions/b0eNWBkInmprqisPYskgt5heV/by-unit/4YJMFSNQWK476,Payment,CSSU (charity),"","","",""
12/01/17,21:13:36,Eastern Time (US & Canada),None,Ice Cream Sandwich,1.0,Vanilla,"","",$0.50,$0.00,$0.50,$0.00,h1ZjYWOrs34PQMgjO098wreeV,RfQg51l4IxrFhjoudUoLKQB,CSSU's iPad,"",http://squareup.com/dashboard/sales/transactions/h1ZjYWOrs34PQMgjO098wreeV/by-unit/4YJMFSNQWK476,Payment,CSSU (charity),"","","",""
12/01/17,21:05:42,Eastern Time (US & Canada),None,Ice Cream Sandwich,1.0,Vanilla,"","",$0.50,$0.00,$0.50,$0.00,zerQmUSCzyof9T1b0CGRjAveV,hBnPEcPSThk5AgU8iY8xJQB,CSSU's iPad,"",http://squareup.com/dashboard/sales/transactions/zerQmUSCzyof9T1b0CGRjAveV/by-unit/4YJMFSNQWK476,Payment,CSSU (charity),"","","",""
12/01/17,20:38:37,Eastern Time (US & Canada),None,Ice Cream Sandwich,4.0,Vanilla,"","",$2.00,$0.00,$2.00,$0.00,9do0qzqCb6lCl1DxRLxBd2yeV,xtNHhNAjP9dQSP3gll4WLQB,CSSU's iPad,"",http://squareup.com/dashboard/sales/transactions/9do0qzqCb6lCl1DxRLxBd2yeV/by-unit/4YJMFSNQWK476,Payment,CSSU (charity),"","","",""
12/01/17,20:00:34,Eastern Time (US & Canada),Drinks,Arizona,2.0,"Regular Price, 500ml","","",$2.50,$0.00,$2.50,$0.00,3iQYfxhKOdWgJYW3x7JL5fveV,kRKBshmjqlg4AAjA0bFsqsMF,CSSU's iPad,"",http://squareup.com/dashboard/sales/transactions/3iQYfxhKOdWgJYW3x7JL5fveV/by-unit/4YJMFSNQWK476,Payment,CSSU (charity),"",DWXBPK2FDN2E6KGYGZ7FFR5KXM,Daniel Chan J.mr,""
12/01/17,20:00:34,Eastern Time (US & Canada),None,Ice Cream Sandwich,1.0,Vanilla,"","",$0.50,$0.00,$0.50,$0.00,3iQYfxhKOdWgJYW3x7JL5fveV,kRKBshmjqlg4AAjA0bFsqsMF,CSSU's iPad,"",http://squareup.com/dashboard/sales/transactions/3iQYfxhKOdWgJYW3x7JL5fveV/by-unit/4YJMFSNQWK476,Payment,CSSU (charity),"",DWXBPK2FDN2E6KGYGZ7FFR5KXM,Daniel Chan J.mr,""
12/01/17,19:36:19,Eastern Time (US & Canada),None,Ice Cream Sandwich,2.0,Vanilla,"","",$1.00,$0.00,$1.00,$0.00,LmnT4CoTkslitKLDaPzf0ekeV,ZdBIqQQNRXGwY4luOL5EKQB,CSSU's iPad,"",http://squareup.com/dashboard/sales/transactions/LmnT4CoTkslitKLDaPzf0ekeV/by-unit/4YJMFSNQWK476,Payment,CSSU (charity),"","","",""
12/01/17,18:42:51,Eastern Time (US & Canada),Drinks,Arizona,1.0,"Regular Price, 500ml","","",$1.25,$0.00,$1.25,$0.00,l3ZTMmXqzTINhYq5nVWOsc7eV,LefLBA47xWQQtZnfW6FnKQB,CSSU's iPad,"",http://squareup.com/dashboard/sales/transactions/l3ZTMmXqzTINhYq5nVWOsc7eV/by-unit/4YJMFSNQWK476,Payment,CSSU (charity),"","","",""
12/01/17,18:42:51,Eastern Time (US & Canada),None,Ice Cream Sandwich,1.0,Vanilla,"","",$0.50,$0.00,$0.50,$0.00,l3ZTMmXqzTINhYq5nVWOsc7eV,LefLBA47xWQQtZnfW6FnKQB,CSSU's iPad,"",http://squareup.com/dashboard/sales/transactions/l3ZTMmXqzTINhYq5nVWOsc7eV/by-unit/4YJMFSNQWK476,Payment,CSSU (charity),"","","",""
12/01/17,18:32:53,Eastern Time (US & Canada),None,Ice Cream Sandwich,2.0,Vanilla,"","",$1.00,$0.00,$1.00,$0.00,BJZM541Oxb3R7lb3E38IU1feV,iY920G8nKd6EixLUmvtYkxMF,CSSU's iPad,"",http://squareup.com/dashboard/sales/transactions/BJZM541Oxb3R7lb3E38IU1feV/by-unit/4YJMFSNQWK476,Payment,CSSU (charity),"","","",""
12/01/17,18:15:44,Eastern Time (US & Canada),None,Ice Cream Sandwich,1.0,Chocolate Chip,"","",$0.50,$0.00,$0.50,$0.00,vCyOS5YCx7wSsAhS3JUeCJmeV,HiAMYJ70YjqZzpEOY1BiKQB,CSSU's iPad,"",http://squareup.com/dashboard/sales/transactions/vCyOS5YCx7wSsAhS3JUeCJmeV/by-unit/4YJMFSNQWK476,Payment,CSSU (charity),"","","",""
12/01/17,17:35:53,Eastern Time (US & Canada),None,Ice Cream Sandwich,2.0,Vanilla,"","",$1.00,$0.00,$1.00,$0.00,ZrwSjboTBDUxAPiOWfrCc9qeV,700Yqad3dham1iz28aHqKQB,CSSU's iPad,"",http://squareup.com/dashboard/sales/transactions/ZrwSjboTBDUxAPiOWfrCc9qeV/by-unit/4YJMFSNQWK476,Payment,CSSU (charity),"","","",""
12/01/17,14:05:47,Eastern Time (US & Canada),None,Ice Cream Sandwich,2.0,Vanilla,"","",$1.00,$0.00,$1.00,$0.00,nwVryTALTfTXECTVwnpYk37eV,Tyr7CzNkDWsj1SGg4hrvKQB,CSSU's iPad,"",http://squareup.com/dashboard/sales/transactions/nwVryTALTfTXECTVwnpYk37eV/by-unit/4YJMFSNQWK476,Payment,CSSU (charity),"","","",""
11/30/17,22:11:37,Eastern Time (US & Canada),None,Ice Cream Sandwich,2.0,Vanilla,"","",$1.00,$0.00,$1.00,$0.00,xhhErcZmpWbMEa6msHukrh1eV,obstTu8ov9b6rKVWAq8UTuMF,CSSU's iPad,"",http://squareup.com/dashboard/sales/transactions/xhhErcZmpWbMEa6msHukrh1eV/by-unit/4YJMFSNQWK476,Payment,CSSU (charity),"",CX2DE2FK9S2DJQNW2H384T6JN4,Justine Chen,""
11/30/17,22:11:37,Eastern Time (US & Canada),None,Chips,1.0,Regular Price,"","",$0.75,$0.00,$0.75,$0.00,xhhErcZmpWbMEa6msHukrh1eV,obstTu8ov9b6rKVWAq8UTuMF,CSSU's iPad,"",http://squareup.com/dashboard/sales/transactions/xhhErcZmpWbMEa6msHukrh1eV/by-unit/4YJMFSNQWK476,Payment,CSSU (charity),"",CX2DE2FK9S2DJQNW2H384T6JN4,Justine Chen,""
11/30/17,20:40:12,Eastern Time (US & Canada),None,Ice Cream Sandwich,2.0,Vanilla,"","",$1.00,$0.00,$1.00,$0.00,lXlhoU9dlJudYnto0eh8RfteV,hxRrohxJTeRZAdMHcBJslwMF,CSSU's iPad,"",http://squareup.com/dashboard/sales/transactions/lXlhoU9dlJudYnto0eh8RfteV/by-unit/4YJMFSNQWK476,Payment,CSSU (charity),"","","",""
11/30/17,20:32:14,Eastern Time (US & Canada),None,Ice Cream Sandwich,1.0,Chocolate,"","",$0.50,$0.00,$0.50,$0.00,LufvlqxtexAOQ1gcTuFSCW2eV,d1s88CFb6bkQehVsQJqoKQB,CSSU's iPad,"",http://squareup.com/dashboard/sales/transactions/LufvlqxtexAOQ1gcTuFSCW2eV/by-unit/4YJMFSNQWK476,Payment,CSSU (charity),"","","",""
11/30/17,18:32:02,Eastern Time (US & Canada),None,Ice Cream Sandwich,1.0,Vanilla,"","",$0.50,$0.00,$0.50,$0.00,HAzeoxhJulobXgMYMnH0QyieV,7Ohij2sXmp0IkNGYhIhXKQB,CSSU's iPad,"",http://squareup.com/dashboard/sales/transactions/HAzeoxhJulobXgMYMnH0QyieV/by-unit/4YJMFSNQWK476,Payment,CSSU (charity),"","","",""
11/30/17,16:33:19,Eastern Time (US & Canada),None,Ice Cream Sandwich,1.0,Vanilla,"","",$0.50,$0.00,$0.50,$0.00,rGHVj6wiiHtu4LUOsDF9pjheV,36EuOkBHfq0UYKJ4ck0HLQB,CSSU's iPad,"",http://squareup.com/dashboard/sales/transactions/rGHVj6wiiHtu4LUOsDF9pjheV/by-unit/4YJMFSNQWK476,Payment,CSSU (charity),"","","",""
11/30/17,16:33:19,Eastern Time (US & Canada),Drinks,Pop,1.0,"Classic, 355ml","","",$1.00,$0.00,$1.00,$0.00,rGHVj6wiiHtu4LUOsDF9pjheV,36EuOkBHfq0UYKJ4ck0HLQB,CSSU's iPad,"",http://squareup.com/dashboard/sales/transactions/rGHVj6wiiHtu4LUOsDF9pjheV/by-unit/4YJMFSNQWK476,Payment,CSSU (charity),"","","",""
11/30/17,13:53:37,Eastern Time (US & Canada),None,Ice Cream Sandwich,2.0,Vanilla,"","",$1.00,$0.00,$1.00,$0.00,Jd1ujtCXg9gJ7sqM2XEbM9leV,WCTlXqsBmuhxMkdfQh7GdsMF,CSSU's iPad,"",http://squareup.com/dashboard/sales/transactions/Jd1ujtCXg9gJ7sqM2XEbM9leV/by-unit/4YJMFSNQWK476,Payment,CSSU (charity),"",Q1FVDC1Q1H7K8Z47WF9ECHYV5W,Daniel Horga,""
11/30/17,13:16:04,Eastern Time (US & Canada),None,Ice Cream Sandwich,2.0,Chocolate Chip,"","",$1.00,$0.00,$1.00,$0.00,PUFrEjArNmts3qAC4TbTrUjeV,Q3D735UnnhE21NxhSSaQVwMF,CSSU's iPad,"",http://squareup.com/dashboard/sales/transactions/PUFrEjArNmts3qAC4TbTrUjeV/by-unit/4YJMFSNQWK476,Payment,CSSU (charity),"","","",""
11/29/17,21:24:41,Eastern Time (US & Canada),None,Ice Cream Sandwich,1.0,Chocolate Chip,"","",$0.50,$0.00,$0.50,$0.00,JZJvwIlO4FvcRjKTMzrd7lleV,neKUlA1Njdh4CsnMIHnMKQB,CSSU's iPad,"",http://squareup.com/dashboard/sales/transactions/JZJvwIlO4FvcRjKTMzrd7lleV/by-unit/4YJMFSNQWK476,Payment,CSSU (charity),"","","",""
11/29/17,20:13:57,Eastern Time (US & Canada),None,Ice Cream Sandwich,2.0,Chocolate Chip,"","",$1.00,$0.00,$1.00,$0.00,RpPf61BZ322v1FjmAf0JJjgeV,98klZVrpsXurBBLNudmLmuMF,CSSU's iPad,"",http://squareup.com/dashboard/sales/transactions/RpPf61BZ322v1FjmAf0JJjgeV/by-unit/4YJMFSNQWK476,Payment,CSSU (charity),"","","",""
11/29/17,18:24:10,Eastern Time (US & Canada),None,Ice Cream Sandwich,1.0,Vanilla,"","",$0.50,$0.00,$0.50,$0.00,RjsXKvFpSKNMHg26ZOyvdvseV,ji3HGJzIKpBtU28BZwv7KQB,CSSU's iPad,"",http://squareup.com/dashboard/sales/transactions/RjsXKvFpSKNMHg26ZOyvdvseV/by-unit/4YJMFSNQWK476,Payment,CSSU (charity),"","","",""
11/29/17,18:14:28,Eastern Time (US & Canada),None,Ice Cream Sandwich,3.0,Chocolate Chip,"","",$1.50,$0.00,$1.50,$0.00,vO2jf0Vcai8UxwR9AgatHWjeV,z8KI0PaX0ZydXCIeqKYmLQB,CSSU's iPad,"",http://squareup.com/dashboard/sales/transactions/vO2jf0Vcai8UxwR9AgatHWjeV/by-unit/4YJMFSNQWK476,Payment,CSSU (charity),"","","",""
11/29/17,18:14:28,Eastern Time (US & Canada),Drinks,Arizona,1.0,"Regular Price, 500ml","","",$1.25,$0.00,$1.25,$0.00,vO2jf0Vcai8UxwR9AgatHWjeV,z8KI0PaX0ZydXCIeqKYmLQB,CSSU's iPad,"",http://squareup.com/dashboard/sales/transactions/vO2jf0Vcai8UxwR9AgatHWjeV/by-unit/4YJMFSNQWK476,Payment,CSSU (charity),"","","",""
11/29/17,18:09:48,Eastern Time (US & Canada),None,Ice Cream Sandwich,2.0,Vanilla,"","",$1.00,$0.00,$1.00,$0.00,fwHJDuGF8NjqZnxEOM1b8rpeV,m72TIZfbJHEuu4Qscvt52xMF,CSSU's iPad,"",http://squareup.com/dashboard/sales/transactions/fwHJDuGF8NjqZnxEOM1b8rpeV/by-unit/4YJMFSNQWK476,Payment,CSSU (charity),"","","",""
11/29/17,17:55:28,Eastern Time (US & Canada),None,Ice Cream Sandwich,1.0,Vanilla,"","",$0.50,$0.00,$0.50,$0.00,Ten2IATdFfgr7BkUfsPjIsyeV,xl3qZKuVQH54zHOC0DYJKQB,CSSU's iPad,"",http://squareup.com/dashboard/sales/transactions/Ten2IATdFfgr7BkUfsPjIsyeV/by-unit/4YJMFSNQWK476,Payment,CSSU (charity),"","","",""
11/29/17,17:52:17,Eastern Time (US & Canada),None,Ice Cream Sandwich,3.0,Vanilla,"","",$1.50,$0.00,$1.50,$0.00,5X6OaLkPtpgT3PIYjtu8udzeV,1DdcY2hn4sOCh9g7kOU2KQB,CSSU's iPad,"",http://squareup.com/dashboard/sales/transactions/5X6OaLkPtpgT3PIYjtu8udzeV/by-unit/4YJMFSNQWK476,Payment,CSSU (charity),"","","",""
11/29/17,17:25:18,Eastern Time (US & Canada),None,Ice Cream Sandwich,1.0,Vanilla,"","",$0.50,$0.00,$0.50,$0.00,dhMXPub1lVfHO9c4phUAlK6eV,FFcPfhK9J7d0mSsvoEQxJQB,CSSU's iPad,"",http://squareup.com/dashboard/sales/transactions/dhMXPub1lVfHO9c4phUAlK6eV/by-unit/4YJMFSNQWK476,Payment,CSSU (charity),"","","",""
11/29/17,17:19:18,Eastern Time (US & Canada),None,Ice Cream Sandwich,2.0,Chocolate,"","",$1.00,$0.00,$1.00,$0.00,xNRfAnvty7IK2u1SfEhWEO9eV,1ZPqlFrnhvzERlTDqbr4OwMF,CSSU's iPad,"",http://squareup.com/dashboard/sales/transactions/xNRfAnvty7IK2u1SfEhWEO9eV/by-unit/4YJMFSNQWK476,Payment,CSSU (charity),"",P40MXFDR8D7AJMQGQMHQ5FQQXG,Tasawar Sattar,""
11/29/17,15:22:32,Eastern Time (US & Canada),None,Ice Cream Sandwich,1.0,Vanilla,"","",$0.50,$0.00,$0.50,$0.00,rsan238rQU4n9hQ4MXqWSTheV,DuPAsDfN57QRslLca0gvJQB,CSSU's iPad,"",http://squareup.com/dashboard/sales/transactions/rsan238rQU4n9hQ4MXqWSTheV/by-unit/4YJMFSNQWK476,Payment,CSSU (charity),"","","",""
11/29/17,15:18:38,Eastern Time (US & Canada),None,Ice Cream Sandwich,2.0,Vanilla,"","",$1.00,$0.00,$1.00,$0.00,JnUNAljhf6szTjsnWhKZcUjeV,JZVFmv7ntTjqcdVHGf2yJQB,CSSU's iPad,"",http://squareup.com/dashboard/sales/transactions/JnUNAljhf6szTjsnWhKZcUjeV/by-unit/4YJMFSNQWK476,Payment,CSSU (charity),"","","",""
11/29/17,14:45:54,Eastern Time (US & Canada),None,Ice Cream Sandwich,1.0,Vanilla,"","",$0.50,$0.00,$0.50,$0.00,VR27RILOhyAFN0CtQxkm8sxeV,z0E5RXpRVQbecM4ID7vaKQB,CSSU's iPad,"",http://squareup.com/dashboard/sales/transactions/VR27RILOhyAFN0CtQxkm8sxeV/by-unit/4YJMFSNQWK476,Payment,CSSU (charity),"","","",""
11/29/17,14:40:36,Eastern Time (US & Canada),Drinks,Arizona,1.0,"Regular Price, 500ml","","",$1.25,$0.00,$1.25,$0.00,TabbrHLLalii0qKbPQClG8teV,qX61wL2w7CREkw1HJcUcRxMF,CSSU's iPad,"",http://squareup.com/dashboard/sales/transactions/TabbrHLLalii0qKbPQClG8teV/by-unit/4YJMFSNQWK476,Payment,CSSU (charity),"",Y10JQWTMM92AMMCV0R6W4NFZY0,Ji Yin,""
11/29/17,14:40:36,Eastern Time (US & Canada),None,Ice Cream Sandwich,1.0,Vanilla,"","",$0.50,$0.00,$0.50,$0.00,TabbrHLLalii0qKbPQClG8teV,qX61wL2w7CREkw1HJcUcRxMF,CSSU's iPad,"",http://squareup.com/dashboard/sales/transactions/TabbrHLLalii0qKbPQClG8teV/by-unit/4YJMFSNQWK476,Payment,CSSU (charity),"",Y10JQWTMM92AMMCV0R6W4NFZY0,Ji Yin,""
11/29/17,14:30:44,Eastern Time (US & Canada),None,Ice Cream Sandwich,1.0,Vanilla,"","",$0.50,$0.00,$0.50,$0.00,t9wK4V5ZtJgNFhDad7oKtSyeV,7KXip82dezprxEIWJ9f2KQB,CSSU's iPad,"",http://squareup.com/dashboard/sales/transactions/t9wK4V5ZtJgNFhDad7oKtSyeV/by-unit/4YJMFSNQWK476,Payment,CSSU (charity),"","","",""
11/29/17,14:18:58,Eastern Time (US & Canada),None,Ice Cream Sandwich,2.0,Vanilla,"","",$1.00,$0.00,$1.00,$0.00,Vx0KLhanbrO5cIPqdXiuR69eV,TQ4YHgKuJ5zGfTXLbILaKQB,CSSU's iPad,"",http://squareup.com/dashboard/sales/transactions/Vx0KLhanbrO5cIPqdXiuR69eV/by-unit/4YJMFSNQWK476,Payment,CSSU (charity),"","","",""
11/28/17,21:26:59,Eastern Time (US & Canada),None,Ice Cream Sandwich,1.0,Vanilla,"","",$0.50,$0.00,$0.50,$0.00,HsBwXNajI9gciHXlh8aIoeqeV,xJliM5GKSCLKmZKRczZrKQB,CSSU's iPad,"",http://squareup.com/dashboard/sales/transactions/HsBwXNajI9gciHXlh8aIoeqeV/by-unit/4YJMFSNQWK476,Payment,CSSU (charity),"","","",""
11/28/17,21:17:29,Eastern Time (US & Canada),None,Ice Cream Sandwich,2.0,Vanilla,"","",$1.00,$0.00,$1.00,$0.00,pRNrUBfw1jLg3G6CFS0GY87eV,zIQIlhXQUD2Q3KJa7qYSouMF,CSSU's iPad,"",http://squareup.com/dashboard/sales/transactions/pRNrUBfw1jLg3G6CFS0GY87eV/by-unit/4YJMFSNQWK476,Payment,CSSU (charity),"",JH6SVEYESN7KCKJK26CXQ426CM,Ye Mingfei,""
11/28/17,20:45:48,Eastern Time (US & Canada),None,Ice Cream Sandwich,1.0,Vanilla,"","",$0.50,$0.00,$0.50,$0.00,DuBBOsaYyfgWbaGQIsanYK3eV,DQ2fQaILeCQoVttxAEkuKQB,CSSU's iPad,"",http://squareup.com/dashboard/sales/transactions/DuBBOsaYyfgWbaGQIsanYK3eV/by-unit/4YJMFSNQWK476,Payment,CSSU (charity),"","","",""
11/28/17,15:11:12,Eastern Time (US & Canada),None,Ice Cream Sandwich,1.0,Vanilla,"","",$0.50,$0.00,$0.50,$0.00,DAgeDOoYtakLq8kTqIcfqPreV,N3fz6Z5SBVSXH4mvxbZcLQB,CSSU's iPad,"",http://squareup.com/dashboard/sales/transactions/DAgeDOoYtakLq8kTqIcfqPreV/by-unit/4YJMFSNQWK476,Payment,CSSU (charity),"","","",""
11/28/17,15:05:48,Eastern Time (US & Canada),None,Ice Cream Sandwich,2.0,Vanilla,"","",$1.00,$0.00,$1.00,$0.00,hHS3CiX846VQhpXRKAb6OSheV,tP1cEqLHcb9rDI7htJg0JQB,CSSU's iPad,"",http://squareup.com/dashboard/sales/transactions/hHS3CiX846VQhpXRKAb6OSheV/by-unit/4YJMFSNQWK476,Payment,CSSU (charity),"","","",""
11/28/17,14:59:12,Eastern Time (US & Canada),None,Ice Cream Sandwich,1.0,Vanilla,"","",$0.50,$0.00,$0.50,$0.00,BvyhyI5JpbzWSc0YEyk4JW6eV,rCXkklo9rRbGYrUsrEnILQB,CSSU's iPad,"",http://squareup.com/dashboard/sales/transactions/BvyhyI5JpbzWSc0YEyk4JW6eV/by-unit/4YJMFSNQWK476,Payment,CSSU (charity),"","","",""
11/28/17,11:49:02,Eastern Time (US & Canada),None,Ice Cream Sandwich,1.0,Chocolate Chip,"","",$0.50,$0.00,$0.50,$0.00,DeNrAvDUWtPV4yAk8qmFXR5eV,jaztRja86lFO3pUQFGwTLQB,CSSU's iPad,"",http://squareup.com/dashboard/sales/transactions/DeNrAvDUWtPV4yAk8qmFXR5eV/by-unit/4YJMFSNQWK476,Payment,CSSU (charity),"","","",""
11/27/17,21:12:31,Eastern Time (US & Canada),None,Ice Cream Sandwich,4.0,Vanilla,"","",$2.00,$0.00,$2.00,$0.00,PcFZwHLqVHAjhYu4HUc9GA0eV,l7dk0ISnfe7pV51a1xyRKQB,CSSU's iPad,"",http://squareup.com/dashboard/sales/transactions/PcFZwHLqVHAjhYu4HUc9GA0eV/by-unit/4YJMFSNQWK476,Payment,CSSU (charity),"","","",""
11/27/17,20:25:39,Eastern Time (US & Canada),None,Ice Cream Sandwich,1.0,Chocolate,"","",$0.50,$0.00,$0.50,$0.00,XmgD9mlOvsRlu1Oj0w33PJzeV,RVplUBhIT8Uj7MafoL2oKQB,CSSU's iPad,"",http://squareup.com/dashboard/sales/transactions/XmgD9mlOvsRlu1Oj0w33PJzeV/by-unit/4YJMFSNQWK476,Payment,CSSU (charity),"","","",""
11/27/17,20:25:39,Eastern Time (US & Canada),None,Chips,1.0,2 for $1,"","",$1.00,$0.00,$1.00,$0.00,XmgD9mlOvsRlu1Oj0w33PJzeV,RVplUBhIT8Uj7MafoL2oKQB,CSSU's iPad,"",http://squareup.com/dashboard/sales/transactions/XmgD9mlOvsRlu1Oj0w33PJzeV/by-unit/4YJMFSNQWK476,Payment,CSSU (charity),"","","",""
11/22/17,16:50:34,Eastern Time (US & Canada),None,Ice Cream Sandwich,2.0,Vanilla,"","",$1.00,$0.00,$1.00,$0.00,9XPNSWQULvxJ3Zo5yM5xyPmeV,jezUDI7FVLNcujTV9NK6KQB,CSSU's iPad,"",http://squareup.com/dashboard/sales/transactions/9XPNSWQULvxJ3Zo5yM5xyPmeV/by-unit/4YJMFSNQWK476,Payment,CSSU (charity),"","","",""
11/21/17,20:19:57,Eastern Time (US & Canada),None,Ice Cream Sandwich,2.0,Chocolate,"","",$1.00,$0.00,$1.00,$0.00,13D87lhkfTkAEEt0UcSWsCleV,XAHY10d3o31zZNEKxG9JLQB,CSSU's iPad,"",http://squareup.com/dashboard/sales/transactions/13D87lhkfTkAEEt0UcSWsCleV/by-unit/4YJMFSNQWK476,Payment,CSSU (charity),"","","",""
11/21/17,20:15:55,Eastern Time (US & Canada),None,Ice Cream Sandwich,3.0,Chocolate,"","",$1.50,$0.00,$1.50,$0.00,xzaWAm8ZRMd2zNFmJLwuhj1eV,bKjk5a9FJ581UD39jmPHKQB,CSSU's iPad,"",http://squareup.com/dashboard/sales/transactions/xzaWAm8ZRMd2zNFmJLwuhj1eV/by-unit/4YJMFSNQWK476,Payment,CSSU (charity),"","","",""
11/21/17,20:08:31,Eastern Time (US & Canada),None,Ice Cream Sandwich,1.0,Chocolate,"","",$0.50,$0.00,$0.50,$0.00,trDcsGPnSW1l6wtxDPFgjaieV,zQ4SwNLtRnMifR43RpXkKQB,CSSU's iPad,"",http://squareup.com/dashboard/sales/transactions/trDcsGPnSW1l6wtxDPFgjaieV/by-unit/4YJMFSNQWK476,Payment,CSSU (charity),"","","",""
11/21/17,19:18:20,Eastern Time (US & Canada),None,Ice Cream Sandwich,1.0,Chocolate,"","",$0.50,$0.00,$0.50,$0.00,XCiHmOIFN124KJl8Csu6KA8eV,Z9ZyV0Y39xbZrzyzXT1zJQB,CSSU's iPad,"",http://squareup.com/dashboard/sales/transactions/XCiHmOIFN124KJl8Csu6KA8eV/by-unit/4YJMFSNQWK476,Payment,CSSU (charity),"","","",""
11/21/17,15:21:20,Eastern Time (US & Canada),None,Ice Cream Sandwich,2.0,Chocolate,"","",$1.00,$0.00,$1.00,$0.00,h3MIovKr02UEVJKX2WNuLmweV,rsOv5JEI7iFhF6h4DEbHKQB,CSSU's iPad,"",http://squareup.com/dashboard/sales/transactions/h3MIovKr02UEVJKX2WNuLmweV/by-unit/4YJMFSNQWK476,Payment,CSSU (charity),"","","",""
11/20/17,21:47:30,Eastern Time (US & Canada),None,Ice Cream Sandwich,1.0,Vanilla,"","",$0.50,$0.00,$0.50,$0.00,TanZNuzcdd6vspwSYm9JQMweV,NVSH1WhskUsEs5Sc16w1KQB,CSSU's iPad,"",http://squareup.com/dashboard/sales/transactions/TanZNuzcdd6vspwSYm9JQMweV/by-unit/4YJMFSNQWK476,Payment,CSSU (charity),"","","",""
11/20/17,21:30:21,Eastern Time (US & Canada),None,Ice Cream Sandwich,1.0,Vanilla,"","",$0.50,$0.00,$0.50,$0.00,RrycamnyvfbFsTyNMmwjk6feV,DOZt05y8SdcEOmeUwOXDLQB,CSSU's iPad,"",http://squareup.com/dashboard/sales/transactions/RrycamnyvfbFsTyNMmwjk6feV/by-unit/4YJMFSNQWK476,Payment,CSSU (charity),"","","",""
11/20/17,20:33:28,Eastern Time (US & Canada),None,Ice Cream Sandwich,3.0,Chocolate,"","",$1.50,$0.00,$1.50,$0.00,x930Z8d9xksmL6c0BQwVIB7eV,lZ25kuhypClwKRwCoPWrKQB,CSSU's iPad,"",http://squareup.com/dashboard/sales/transactions/x930Z8d9xksmL6c0BQwVIB7eV/by-unit/4YJMFSNQWK476,Payment,CSSU (charity),"","","",""
11/20/17,20:33:28,Eastern Time (US & Canada),None,Tootsie Roll,1.0,Regular,"","",$0.25,$0.00,$0.25,$0.00,x930Z8d9xksmL6c0BQwVIB7eV,lZ25kuhypClwKRwCoPWrKQB,CSSU's iPad,"",http://squareup.com/dashboard/sales/transactions/x930Z8d9xksmL6c0BQwVIB7eV/by-unit/4YJMFSNQWK476,Payment,CSSU (charity),"","","",""
11/20/17,20:33:28,Eastern Time (US & Canada),Chocolate ,Chocolates,1.0,Caramilk,"","",$1.50,$0.00,$1.50,$0.00,x930Z8d9xksmL6c0BQwVIB7eV,lZ25kuhypClwKRwCoPWrKQB,CSSU's iPad,"",http://squareup.com/dashboard/sales/transactions/x930Z8d9xksmL6c0BQwVIB7eV/by-unit/4YJMFSNQWK476,Payment,CSSU (charity),"","","",""
11/20/17,20:21:41,Eastern Time (US & Canada),None,Ice Cream Sandwich,1.0,Chocolate,"","",$0.50,$0.00,$0.50,$0.00,b2ntmam40JhCzd3bIxhxMIneV,5XuIi9NasBi2wjwhAKnaLQB,CSSU's iPad,"",http://squareup.com/dashboard/sales/transactions/b2ntmam40JhCzd3bIxhxMIneV/by-unit/4YJMFSNQWK476,Payment,CSSU (charity),"","","",""
11/20/17,18:15:46,Eastern Time (US & Canada),None,Ice Cream Sandwich,2.0,Chocolate,"","",$1.00,$0.00,$1.00,$0.00,7EQsLUF1W482liIet6hMzx9eV,jEOm2gaWgE2vUswEGru0JQB,CSSU's iPad,"",http://squareup.com/dashboard/sales/transactions/7EQsLUF1W482liIet6hMzx9eV/by-unit/4YJMFSNQWK476,Payment,CSSU (charity),"","","",""
11/20/17,18:15:46,Eastern Time (US & Canada),Drinks,Arizona,1.0,"Regular Price, 500ml","","",$1.25,$0.00,$1.25,$0.00,7EQsLUF1W482liIet6hMzx9eV,jEOm2gaWgE2vUswEGru0JQB,CSSU's iPad,"",http://squareup.com/dashboard/sales/transactions/7EQsLUF1W482liIet6hMzx9eV/by-unit/4YJMFSNQWK476,Payment,CSSU (charity),"","","",""
11/20/17,15:16:10,Eastern Time (US & Canada),None,Ice Cream Sandwich,1.0,Vanilla,"","",$0.50,$0.00,$0.50,$0.00,XURIZAwhU5hafuF5LZLC5ImeV,dFMc6KS5ahBKyd2IvYUCKQB,CSSU's iPad,"",http://squareup.com/dashboard/sales/transactions/XURIZAwhU5hafuF5LZLC5ImeV/by-unit/4YJMFSNQWK476,Payment,CSSU (charity),"","","",""
11/19/17,19:31:02,Eastern Time (US & Canada),None,Ice Cream Sandwich,1.0,Chocolate,"","",$0.50,$0.00,$0.50,$0.00,na8KDsfDtw6COUSShUCFCspeV,EHK7s1lWxJTb35Gcg2EiouMF,CSSU's iPad,"",http://squareup.com/dashboard/sales/transactions/na8KDsfDtw6COUSShUCFCspeV/by-unit/4YJMFSNQWK476,Payment,CSSU (charity),"",CX2DE2FK9S2DJQNW2H384T6JN4,Justine Chen,""
11/19/17,19:31:02,Eastern Time (US & Canada),Chocolate ,Chocolates,1.0,M&M Almond,"","",$1.50,$0.00,$1.50,$0.00,na8KDsfDtw6COUSShUCFCspeV,EHK7s1lWxJTb35Gcg2EiouMF,CSSU's iPad,"",http://squareup.com/dashboard/sales/transactions/na8KDsfDtw6COUSShUCFCspeV/by-unit/4YJMFSNQWK476,Payment,CSSU (charity),"",CX2DE2FK9S2DJQNW2H384T6JN4,Justine Chen,""
11/19/17,18:46:27,Eastern Time (US & Canada),None,Ice Cream Sandwich,1.0,Vanilla,"","",$0.50,$0.00,$0.50,$0.00,5nk5pYCzHvqdGHLQ2CpyawqeV,bgCUCtr3W3ChYBr0uHc2KQB,CSSU's iPad,"",http://squareup.com/dashboard/sales/transactions/5nk5pYCzHvqdGHLQ2CpyawqeV/by-unit/4YJMFSNQWK476,Payment,CSSU (charity),"","","",""
11/19/17,18:16:43,Eastern Time (US & Canada),None,Ice Cream Sandwich,1.0,Vanilla,"","",$0.50,$0.00,$0.50,$0.00,Lwem7pigz5hiCOWM3C7huW3eV,tnTP14rxDdbjrkUi77oPKQB,CSSU's iPad,"",http://squareup.com/dashboard/sales/transactions/Lwem7pigz5hiCOWM3C7huW3eV/by-unit/4YJMFSNQWK476,Payment,CSSU (charity),"","","",""
11/19/17,14:41:04,Eastern Time (US & Canada),None,Ice Cream Sandwich,1.0,Vanilla,"","",$0.50,$0.00,$0.50,$0.00,fE3iwVhZNVF8Te94LbqX1EqeV,n49LNb9SDBfwivyFo5UxKQB,CSSU's iPad,"",http://squareup.com/dashboard/sales/transactions/fE3iwVhZNVF8Te94LbqX1EqeV/by-unit/4YJMFSNQWK476,Payment,CSSU (charity),"","","",""
11/18/17,23:41:49,Eastern Time (US & Canada),None,Ice Cream Sandwich,1.0,Vanilla,"","",$0.50,$0.00,$0.50,$0.00,PCaqqMv3qU0ckM4kwXGTBBieV,L8Krkfleu6FA0ELrfyVEKQB,CSSU's iPad,"",http://squareup.com/dashboard/sales/transactions/PCaqqMv3qU0ckM4kwXGTBBieV/by-unit/4YJMFSNQWK476,Payment,CSSU (charity),"","","",""
11/18/17,16:04:59,Eastern Time (US & Canada),None,Ice Cream Sandwich,1.0,Chocolate,"","",$0.50,$0.00,$0.50,$0.00,xHgKtVxNJU9ewrDUxgIwPnAfV,TkVYeNiu7CqDMvzmnY5hrsMF,CSSU's iPad,"",http://squareup.com/dashboard/sales/transactions/xHgKtVxNJU9ewrDUxgIwPnAfV/by-unit/4YJMFSNQWK476,Payment,CSSU (charity),"",J91W6KEQV97WYW3NTWAEZ5GEX8,Yan Cheng Zhi,""
11/18/17,16:04:59,Eastern Time (US & Canada),Drinks,Pop,1.0,"Classic, 355ml","","",$1.00,$0.00,$1.00,$0.00,xHgKtVxNJU9ewrDUxgIwPnAfV,TkVYeNiu7CqDMvzmnY5hrsMF,CSSU's iPad,"",http://squareup.com/dashboard/sales/transactions/xHgKtVxNJU9ewrDUxgIwPnAfV/by-unit/4YJMFSNQWK476,Payment,CSSU (charity),"",J91W6KEQV97WYW3NTWAEZ5GEX8,Yan Cheng Zhi,""
11/18/17,16:04:59,Eastern Time (US & Canada),None,Chips,1.0,Regular Price,"","",$0.75,$0.00,$0.75,$0.00,xHgKtVxNJU9ewrDUxgIwPnAfV,TkVYeNiu7CqDMvzmnY5hrsMF,CSSU's iPad,"",http://squareup.com/dashboard/sales/transactions/xHgKtVxNJU9ewrDUxgIwPnAfV/by-unit/4YJMFSNQWK476,Payment,CSSU (charity),"",J91W6KEQV97WYW3NTWAEZ5GEX8,Yan Cheng Zhi,""
11/17/17,19:58:51,Eastern Time (US & Canada),None,Ice Cream Sandwich,1.0,Chocolate,"","",$0.50,$0.00,$0.50,$0.00,150uie5CCZs21c88BXQgn5peV,DVRarQU0tT17fPsh9LgnwvMF,CSSU's iPad,"",http://squareup.com/dashboard/sales/transactions/150uie5CCZs21c88BXQgn5peV/by-unit/4YJMFSNQWK476,Payment,CSSU (charity),"",A7PZYQNSPS252MDQGTYGW4GKA0,Christopher Mckerracher,""
11/17/17,19:58:51,Eastern Time (US & Canada),None,Chips,1.0,2 for $1,"","",$1.00,$0.00,$1.00,$0.00,150uie5CCZs21c88BXQgn5peV,DVRarQU0tT17fPsh9LgnwvMF,CSSU's iPad,"",http://squareup.com/dashboard/sales/transactions/150uie5CCZs21c88BXQgn5peV/by-unit/4YJMFSNQWK476,Payment,CSSU (charity),"",A7PZYQNSPS252MDQGTYGW4GKA0,Christopher Mckerracher,""
11/17/17,16:24:14,Eastern Time (US & Canada),None,Ice Cream Sandwich,1.0,Vanilla,"","",$0.50,$0.00,$0.50,$0.00,zen6iVrTpCWVyoDTccdUFrmeV,N3jL3EaMSnH6EJTBHBWuJQB,CSSU's iPad,"",http://squareup.com/dashboard/sales/transactions/zen6iVrTpCWVyoDTccdUFrmeV/by-unit/4YJMFSNQWK476,Payment,CSSU (charity),"","","",""
11/17/17,16:24:14,Eastern Time (US & Canada),None,Ice Cream Sandwich,1.0,Chocolate,"","",$0.50,$0.00,$0.50,$0.00,zen6iVrTpCWVyoDTccdUFrmeV,N3jL3EaMSnH6EJTBHBWuJQB,CSSU's iPad,"",http://squareup.com/dashboard/sales/transactions/zen6iVrTpCWVyoDTccdUFrmeV/by-unit/4YJMFSNQWK476,Payment,CSSU (charity),"","","",""
11/17/17,16:20:30,Eastern Time (US & Canada),None,Ice Cream Sandwich,1.0,Vanilla,"","",$0.50,$0.00,$0.50,$0.00,NVogYwz0Klx9XJdrd2CCIuzeV,NfnXjVsyevtyrnRtsDl0KQB,CSSU's iPad,"",http://squareup.com/dashboard/sales/transactions/NVogYwz0Klx9XJdrd2CCIuzeV/by-unit/4YJMFSNQWK476,Payment,CSSU (charity),"","","",""
11/17/17,15:31:13,Eastern Time (US & Canada),None,Ice Cream Sandwich,1.0,Vanilla,"","",$0.50,$0.00,$0.50,$0.00,hhHb0twg0wpmeRZkyE1wTMzeV,vKEDRhCqHgXVZrCWb7FzKQB,CSSU's iPad,"",http://squareup.com/dashboard/sales/transactions/hhHb0twg0wpmeRZkyE1wTMzeV/by-unit/4YJMFSNQWK476,Payment,CSSU (charity),"","","",""
11/17/17,15:23:29,Eastern Time (US & Canada),None,Ice Cream Sandwich,1.0,Chocolate Chip,"","",$0.50,$0.00,$0.50,$0.00,LMiJpEHwF3UqFkRnvtwTcv5eV,BpZ8TZOMwiAeE9Ky6tThLQB,CSSU's iPad,"",http://squareup.com/dashboard/sales/transactions/LMiJpEHwF3UqFkRnvtwTcv5eV/by-unit/4YJMFSNQWK476,Payment,CSSU (charity),"","","",""
11/17/17,15:14:23,Eastern Time (US & Canada),None,Ice Cream Sandwich,1.0,Chocolate,"","",$0.50,$0.00,$0.50,$0.00,fYR4nhbJNbqONoxvJ3sCw36eV,1R2V86oCSRDi4kyBQkdaLQB,CSSU's iPad,"",http://squareup.com/dashboard/sales/transactions/fYR4nhbJNbqONoxvJ3sCw36eV/by-unit/4YJMFSNQWK476,Payment,CSSU (charity),"","","",""
11/17/17,14:07:56,Eastern Time (US & Canada),None,Ice Cream Sandwich,2.0,Vanilla,"","",$1.00,$0.00,$1.00,$0.00,bEIGgYWVorSL7JuGgLx0zZoeV,V9Axbeja9atkOIDGTeIrKQB,CSSU's iPad,"",http://squareup.com/dashboard/sales/transactions/bEIGgYWVorSL7JuGgLx0zZoeV/by-unit/4YJMFSNQWK476,Payment,CSSU (charity),"","","",""
11/17/17,13:47:00,Eastern Time (US & Canada),None,Ice Cream Sandwich,1.0,Vanilla,"","",$0.50,$0.00,$0.50,$0.00,ny6N0gs66xILirUzdMQlf40eV,P4zXfXV2stAdo4gPGFPTLQB,CSSU's iPad,"",http://squareup.com/dashboard/sales/transactions/ny6N0gs66xILirUzdMQlf40eV/by-unit/4YJMFSNQWK476,Payment,CSSU (charity),"","","",""
11/16/17,21:14:53,Eastern Time (US & Canada),None,Ice Cream Sandwich,5.0,Vanilla,"","",$2.50,$0.00,$2.50,$0.00,pdtWt48evsImYGHVvd1vUTxeV,T8a2ZNjGk8hozzPHD8uHKQB,CSSU's iPad,"",http://squareup.com/dashboard/sales/transactions/pdtWt48evsImYGHVvd1vUTxeV/by-unit/4YJMFSNQWK476,Payment,CSSU (charity),"","","",""
11/16/17,18:18:21,Eastern Time (US & Canada),None,Ice Cream Sandwich,1.0,Vanilla,"","",$0.50,$0.00,$0.50,$0.00,Xq4qxtDaE5SkGxdM4bi92XoeV,dN2BNHgUUoyRffA9KbCkLQB,CSSU's iPad,"",http://squareup.com/dashboard/sales/transactions/Xq4qxtDaE5SkGxdM4bi92XoeV/by-unit/4YJMFSNQWK476,Payment,CSSU (charity),"","","",""
11/16/17,18:18:21,Eastern Time (US & Canada),None,Ice Cream Sandwich,1.0,Chocolate,"","",$0.50,$0.00,$0.50,$0.00,Xq4qxtDaE5SkGxdM4bi92XoeV,dN2BNHgUUoyRffA9KbCkLQB,CSSU's iPad,"",http://squareup.com/dashboard/sales/transactions/Xq4qxtDaE5SkGxdM4bi92XoeV/by-unit/4YJMFSNQWK476,Payment,CSSU (charity),"","","",""
11/16/17,14:45:44,Eastern Time (US & Canada),None,Ice Cream Sandwich,1.0,Vanilla,"","",$0.50,$0.00,$0.50,$0.00,dVkMgxLcfXBzJjNnjktn5y5eV,PGGnEfLX00BhvbYkVslFLQB,CSSU's iPad,"",http://squareup.com/dashboard/sales/transactions/dVkMgxLcfXBzJjNnjktn5y5eV/by-unit/4YJMFSNQWK476,Payment,CSSU (charity),"","","",""
11/16/17,14:21:07,Eastern Time (US & Canada),None,Ice Cream Sandwich,3.0,Vanilla,"","",$1.50,$0.00,$1.50,$0.00,b4KkxiqMzfGHQDQaCppShwueV,XELvks0JGH60Fj5xaN7aLQB,CSSU's iPad,"",http://squareup.com/dashboard/sales/transactions/b4KkxiqMzfGHQDQaCppShwueV/by-unit/4YJMFSNQWK476,Payment,CSSU (charity),"","","",""
11/16/17,14:21:07,Eastern Time (US & Canada),None,Chips,1.0,2 for $1,"","",$1.00,$0.00,$1.00,$0.00,b4KkxiqMzfGHQDQaCppShwueV,XELvks0JGH60Fj5xaN7aLQB,CSSU's iPad,"",http://squareup.com/dashboard/sales/transactions/b4KkxiqMzfGHQDQaCppShwueV/by-unit/4YJMFSNQWK476,Payment,CSSU (charity),"","","",""
11/16/17,12:26:21,Eastern Time (US & Canada),None,Ice Cream Sandwich,2.0,Vanilla,"","",$1.00,$0.00,$1.00,$0.00,NTX4sAGDylu87yKANo5mFHgeV,R7KMOWlDTN8p57BJ6pwFLQB,CSSU's iPad,"",http://squareup.com/dashboard/sales/transactions/NTX4sAGDylu87yKANo5mFHgeV/by-unit/4YJMFSNQWK476,Payment,CSSU (charity),"","","",""
11/16/17,12:26:21,Eastern Time (US & Canada),None,Ice Cream Sandwich,1.0,Chocolate,"","",$0.50,$0.00,$0.50,$0.00,NTX4sAGDylu87yKANo5mFHgeV,R7KMOWlDTN8p57BJ6pwFLQB,CSSU's iPad,"",http://squareup.com/dashboard/sales/transactions/NTX4sAGDylu87yKANo5mFHgeV/by-unit/4YJMFSNQWK476,Payment,CSSU (charity),"","","",""
11/16/17,12:23:15,Eastern Time (US & Canada),None,Ice Cream Sandwich,1.0,Chocolate,"","",$0.50,$0.00,$0.50,$0.00,7w8JmbIrGfjYMUh7dejf7B6eV,tDvSxrLDYUvMhxNXMi54KQB,CSSU's iPad,"",http://squareup.com/dashboard/sales/transactions/7w8JmbIrGfjYMUh7dejf7B6eV/by-unit/4YJMFSNQWK476,Payment,CSSU (charity),"","","",""
11/15/17,23:38:57,Eastern Time (US & Canada),Drinks,Pop,2.0,"Classic, 355ml","","",$2.00,$0.00,$2.00,$0.00,hBXfgAt4azbA1mLtq5sCjwmeV,Jljb79d4TBBBn3PPvU9zKQB,CSSU's iPad,"",http://squareup.com/dashboard/sales/transactions/hBXfgAt4azbA1mLtq5sCjwmeV/by-unit/4YJMFSNQWK476,Payment,CSSU (charity),"","","",""
11/15/17,23:38:57,Eastern Time (US & Canada),None,Ice Cream Sandwich,1.0,Vanilla,"","",$0.50,$0.00,$0.50,$0.00,hBXfgAt4azbA1mLtq5sCjwmeV,Jljb79d4TBBBn3PPvU9zKQB,CSSU's iPad,"",http://squareup.com/dashboard/sales/transactions/hBXfgAt4azbA1mLtq5sCjwmeV/by-unit/4YJMFSNQWK476,Payment,CSSU (charity),"","","",""
11/15/17,18:29:34,Eastern Time (US & Canada),None,Ice Cream Sandwich,1.0,Chocolate,"","",$0.50,$0.00,$0.50,$0.00,TgwOsnSlRqdfKO8q0A9wSh2eV,t9SnWd54aGBG2gbYbJeDKQB,CSSU's iPad,"",http://squareup.com/dashboard/sales/transactions/TgwOsnSlRqdfKO8q0A9wSh2eV/by-unit/4YJMFSNQWK476,Payment,CSSU (charity),"","","",""
11/15/17,18:29:34,Eastern Time (US & Canada),None,Ice Cream Sandwich,1.0,Vanilla,"","",$0.50,$0.00,$0.50,$0.00,TgwOsnSlRqdfKO8q0A9wSh2eV,t9SnWd54aGBG2gbYbJeDKQB,CSSU's iPad,"",http://squareup.com/dashboard/sales/transactions/TgwOsnSlRqdfKO8q0A9wSh2eV/by-unit/4YJMFSNQWK476,Payment,CSSU (charity),"","","",""
11/15/17,17:26:28,Eastern Time (US & Canada),None,Ice Cream Sandwich,1.0,Vanilla,"","",$0.50,$0.00,$0.50,$0.00,neiYDhPQ4PXWlyPeRRsU9wpeV,X0RQJU6ITUKNtrc6aAIJKQB,CSSU's iPad,"",http://squareup.com/dashboard/sales/transactions/neiYDhPQ4PXWlyPeRRsU9wpeV/by-unit/4YJMFSNQWK476,Payment,CSSU (charity),"","","",""
11/15/17,17:26:28,Eastern Time (US & Canada),Drinks,Pop,1.0,"Classic, 355ml","","",$1.00,$0.00,$1.00,$0.00,neiYDhPQ4PXWlyPeRRsU9wpeV,X0RQJU6ITUKNtrc6aAIJKQB,CSSU's iPad,"",http://squareup.com/dashboard/sales/transactions/neiYDhPQ4PXWlyPeRRsU9wpeV/by-unit/4YJMFSNQWK476,Payment,CSSU (charity),"","","",""
11/15/17,16:45:33,Eastern Time (US & Canada),None,Ice Cream Sandwich,2.0,Vanilla,"","",$1.00,$0.00,$1.00,$0.00,JpZnsX4gU07iy1a2fQJIRbseV,dr3PziMpWm6DS4g43luYeuMF,CSSU's iPad,"",http://squareup.com/dashboard/sales/transactions/JpZnsX4gU07iy1a2fQJIRbseV/by-unit/4YJMFSNQWK476,Payment,CSSU (charity),"",E6WW3XR6G51KRNVREPF1FZP9JW,Runzhao.mr Zeng,""
11/15/17,15:48:17,Eastern Time (US & Canada),None,Ice Cream Sandwich,2.0,Vanilla,"","",$1.00,$0.00,$1.00,$0.00,7o2uP6Oln2hIIAZIyj1Q3qAfV,m2PyjypYLoEsLK03xS2SJtMF,CSSU's iPad,"",http://squareup.com/dashboard/sales/transactions/7o2uP6Oln2hIIAZIyj1Q3qAfV/by-unit/4YJMFSNQWK476,Payment,CSSU (charity),"",Y10JQWTMM92AMMCV0R6W4NFZY0,Ji Yin,""
11/15/17,14:41:10,Eastern Time (US & Canada),None,Ice Cream Sandwich,4.0,Vanilla,"","",$2.00,$0.00,$2.00,$0.00,BjIBZ7HTxG62OF3tTFAmgFAfV,jEov8eLs7vinypODQuW7KQB,CSSU's iPad,"",http://squareup.com/dashboard/sales/transactions/BjIBZ7HTxG62OF3tTFAmgFAfV/by-unit/4YJMFSNQWK476,Payment,CSSU (charity),"","","",""
11/15/17,14:11:18,Eastern Time (US & Canada),None,Ice Cream Sandwich,1.0,Vanilla,"","",$0.50,$0.00,$0.50,$0.00,1Fa0dcCIWs7pKYLnzIECxY1eV,BR7jXFJWLh4jMNMMwLYrKQB,CSSU's iPad,"",http://squareup.com/dashboard/sales/transactions/1Fa0dcCIWs7pKYLnzIECxY1eV/by-unit/4YJMFSNQWK476,Payment,CSSU (charity),"","","",""
11/15/17,14:08:47,Eastern Time (US & Canada),None,Ice Cream Sandwich,1.0,Chocolate,"","",$0.50,$0.00,$0.50,$0.00,NBSmMn1X6mc0qjDXHZyKzV1eV,DujK6ksr8oWbyElb9JHWLQB,CSSU's iPad,"",http://squareup.com/dashboard/sales/transactions/NBSmMn1X6mc0qjDXHZyKzV1eV/by-unit/4YJMFSNQWK476,Payment,CSSU (charity),"","","",""
11/15/17,14:08:26,Eastern Time (US & Canada),None,Ice Cream Sandwich,1.0,Chocolate Chip,"","",$0.50,$0.00,$0.50,$0.00,JjQmz6q4t3ZEOOZDSR88g0meV,pb0ggidd6QHOHa4j9ZlTKQB,CSSU's iPad,"",http://squareup.com/dashboard/sales/transactions/JjQmz6q4t3ZEOOZDSR88g0meV/by-unit/4YJMFSNQWK476,Payment,CSSU (charity),"","","",""
11/15/17,13:37:49,Eastern Time (US & Canada),Drinks,Arizona,1.0,"Regular Price, 500ml","","",$1.25,$0.00,$1.25,$0.00,tdOBW87yl7LAlneqfIB4X7feV,H0VOmp5QEfmud64iPqDvJQB,CSSU's iPad,"",http://squareup.com/dashboard/sales/transactions/tdOBW87yl7LAlneqfIB4X7feV/by-unit/4YJMFSNQWK476,Payment,CSSU (charity),"","","",""
11/15/17,13:37:49,Eastern Time (US & Canada),None,Ice Cream Sandwich,1.0,Vanilla,"","",$0.50,$0.00,$0.50,$0.00,tdOBW87yl7LAlneqfIB4X7feV,H0VOmp5QEfmud64iPqDvJQB,CSSU's iPad,"",http://squareup.com/dashboard/sales/transactions/tdOBW87yl7LAlneqfIB4X7feV/by-unit/4YJMFSNQWK476,Payment,CSSU (charity),"","","",""
11/14/17,21:03:10,Eastern Time (US & Canada),None,Ice Cream Sandwich,1.0,Vanilla,"","",$0.50,$0.00,$0.50,$0.00,VpmbOBWEusf1SIZqMe9G3hteV,z6PtXoEP29WGGOPY4XtpKQB,CSSU's iPad,"",http://squareup.com/dashboard/sales/transactions/VpmbOBWEusf1SIZqMe9G3hteV/by-unit/4YJMFSNQWK476,Payment,CSSU (charity),"","","",""
11/14/17,20:59:28,Eastern Time (US & Canada),None,Ice Cream Sandwich,1.0,Vanilla,"","",$0.50,$0.00,$0.50,$0.00,hzW4TcPXkYWCOxEF6jfuxVqeV,nuaWkgVlHGOcZmsKy5xOKQB,CSSU's iPad,"",http://squareup.com/dashboard/sales/transactions/hzW4TcPXkYWCOxEF6jfuxVqeV/by-unit/4YJMFSNQWK476,Payment,CSSU (charity),"","","",""
11/14/17,20:58:56,Eastern Time (US & Canada),Drinks,Pop,1.0,"Classic, 355ml","","",$1.00,$0.00,$1.00,$0.00,HaUcgIhM4huq1f214CyTyOheV,fMj0JC5lOHOvOPpcFYu9KQB,CSSU's iPad,"",http://squareup.com/dashboard/sales/transactions/HaUcgIhM4huq1f214CyTyOheV/by-unit/4YJMFSNQWK476,Payment,CSSU (charity),"","","",""
11/14/17,20:58:56,Eastern Time (US & Canada),None,San Pellegrino,1.0,Regular,"","",$1.50,$0.00,$1.50,$0.00,HaUcgIhM4huq1f214CyTyOheV,fMj0JC5lOHOvOPpcFYu9KQB,CSSU's iPad,"",http://squareup.com/dashboard/sales/transactions/HaUcgIhM4huq1f214CyTyOheV/by-unit/4YJMFSNQWK476,Payment,CSSU (charity),"","","",""
11/14/17,20:58:56,Eastern Time (US & Canada),None,Ice Cream Sandwich,1.0,Vanilla,"","",$0.50,$0.00,$0.50,$0.00,HaUcgIhM4huq1f214CyTyOheV,fMj0JC5lOHOvOPpcFYu9KQB,CSSU's iPad,"",http://squareup.com/dashboard/sales/transactions/HaUcgIhM4huq1f214CyTyOheV/by-unit/4YJMFSNQWK476,Payment,CSSU (charity),"","","",""
11/14/17,20:58:56,Eastern Time (US & Canada),None,Ice Cream Sandwich,1.0,Chocolate Chip,"","",$0.50,$0.00,$0.50,$0.00,HaUcgIhM4huq1f214CyTyOheV,fMj0JC5lOHOvOPpcFYu9KQB,CSSU's iPad,"",http://squareup.com/dashboard/sales/transactions/HaUcgIhM4huq1f214CyTyOheV/by-unit/4YJMFSNQWK476,Payment,CSSU (charity),"","","",""
11/14/17,19:58:11,Eastern Time (US & Canada),Drinks,Monster,2.0,Regular Price,"","",$6.00,$0.00,$6.00,$0.00,H6ka3GekNDgCKTLxetSg2a2eV,bKdFO28trfRXf6rrKyoAgsMF,CSSU's iPad,"",http://squareup.com/dashboard/sales/transactions/H6ka3GekNDgCKTLxetSg2a2eV/by-unit/4YJMFSNQWK476,Payment,CSSU (charity),"",8AH96W9SVN33GM30963Q41XYJW,Stefan Marusic,""
11/14/17,19:58:11,Eastern Time (US & Canada),None,Ice Cream Sandwich,2.0,Vanilla,"","",$1.00,$0.00,$1.00,$0.00,H6ka3GekNDgCKTLxetSg2a2eV,bKdFO28trfRXf6rrKyoAgsMF,CSSU's iPad,"",http://squareup.com/dashboard/sales/transactions/H6ka3GekNDgCKTLxetSg2a2eV/by-unit/4YJMFSNQWK476,Payment,CSSU (charity),"",8AH96W9SVN33GM30963Q41XYJW,Stefan Marusic,""
11/14/17,19:19:08,Eastern Time (US & Canada),None,Ice Cream Sandwich,1.0,Chocolate Chip,"","",$0.50,$0.00,$0.50,$0.00,HQPkEKgw4e3JNAYtFi5Bms9eV,LWLZYAFPjIRU8RKBorYmKQB,CSSU's iPad,"",http://squareup.com/dashboard/sales/transactions/HQPkEKgw4e3JNAYtFi5Bms9eV/by-unit/4YJMFSNQWK476,Payment,CSSU (charity),"","","",""
11/14/17,19:16:14,Eastern Time (US & Canada),None,Ice Cream Sandwich,2.0,Chocolate Chip,"","",$1.00,$0.00,$1.00,$0.00,JXCgwhwXLTnepCItTLVsHFyeV,HsFEoNG0Tdsa4XOViSPTLQB,CSSU's iPad,"",http://squareup.com/dashboard/sales/transactions/JXCgwhwXLTnepCItTLVsHFyeV/by-unit/4YJMFSNQWK476,Payment,CSSU (charity),"","","",""
11/14/17,19:14:20,Eastern Time (US & Canada),None,Chips,1.0,Regular Price,"","",$0.75,$0.00,$0.75,$0.00,f6YxA2La4iXDbk51luI8jTweV,9BOkDGAcUsP0sVMpbfLGLQB,CSSU's iPad,"",http://squareup.com/dashboard/sales/transactions/f6YxA2La4iXDbk51luI8jTweV/by-unit/4YJMFSNQWK476,Payment,CSSU (charity),"","","",""
11/14/17,19:14:20,Eastern Time (US & Canada),None,Ice Cream Sandwich,1.0,Chocolate Chip,"","",$0.50,$0.00,$0.50,$0.00,f6YxA2La4iXDbk51luI8jTweV,9BOkDGAcUsP0sVMpbfLGLQB,CSSU's iPad,"",http://squareup.com/dashboard/sales/transactions/f6YxA2La4iXDbk51luI8jTweV/by-unit/4YJMFSNQWK476,Payment,CSSU (charity),"","","",""
11/14/17,19:13:54,Eastern Time (US & Canada),None,Chips,1.0,Regular Price,"","",$0.75,$0.00,$0.75,$0.00,r67OhIXzufLDZeVFeQ7aEpreV,Fd4pOQCC5VMuCzRA3sloKQB,CSSU's iPad,"",http://squareup.com/dashboard/sales/transactions/r67OhIXzufLDZeVFeQ7aEpreV/by-unit/4YJMFSNQWK476,Payment,CSSU (charity),"","","",""
11/14/17,19:13:54,Eastern Time (US & Canada),None,Ice Cream Sandwich,1.0,Chocolate Chip,"","",$0.50,$0.00,$0.50,$0.00,r67OhIXzufLDZeVFeQ7aEpreV,Fd4pOQCC5VMuCzRA3sloKQB,CSSU's iPad,"",http://squareup.com/dashboard/sales/transactions/r67OhIXzufLDZeVFeQ7aEpreV/by-unit/4YJMFSNQWK476,Payment,CSSU (charity),"","","",""
11/14/17,19:13:13,Eastern Time (US & Canada),None,Ice Cream Sandwich,1.0,Chocolate Chip,"","",$0.50,$0.00,$0.50,$0.00,BBz1KQWjNYrKcqXf1xgiEx0eV,J7UgaiYqN1LlyWpY32MfLQB,CSSU's iPad,"",http://squareup.com/dashboard/sales/transactions/BBz1KQWjNYrKcqXf1xgiEx0eV/by-unit/4YJMFSNQWK476,Payment,CSSU (charity),"","","",""
11/14/17,19:09:33,Eastern Time (US & Canada),None,Ice Cream Sandwich,2.0,Chocolate,"","",$1.00,$0.00,$1.00,$0.00,1hmffiAXmyv1eD1jPfTw659eV,p5BZbj62T0iXBVX46j2VKQB,CSSU's iPad,"",http://squareup.com/dashboard/sales/transactions/1hmffiAXmyv1eD1jPfTw659eV/by-unit/4YJMFSNQWK476,Payment,CSSU (charity),"","","",""
11/14/17,19:09:19,Eastern Time (US & Canada),None,Ice Cream Sandwich,1.0,Vanilla,"","",$0.50,$0.00,$0.50,$0.00,DIMsKrUYwhEKIF2UDobm3vveV,ZziRnpFCgs2yvO9WvO6NKQB,CSSU's iPad,"",http://squareup.com/dashboard/sales/transactions/DIMsKrUYwhEKIF2UDobm3vveV/by-unit/4YJMFSNQWK476,Payment,CSSU (charity),"","","",""
11/14/17,18:41:55,Eastern Time (US & Canada),None,Ice Cream Sandwich,2.0,Chocolate Chip,"","",$1.00,$0.00,$1.00,$0.00,dhYvmPUJgtq0PQdAiZgEIvseV,tdtNgtPBtRYhKz3lk63ijzMF,CSSU's iPad,"",http://squareup.com/dashboard/sales/transactions/dhYvmPUJgtq0PQdAiZgEIvseV/by-unit/4YJMFSNQWK476,Payment,CSSU (charity),"",A7PZYQNSPS252MDQGTYGW4GKA0,Christopher Mckerracher,""
11/14/17,18:02:32,Eastern Time (US & Canada),None,Ice Cream Sandwich,1.0,Vanilla,"","",$0.50,$0.00,$0.50,$0.00,RDUXaoEEGyA9hvL9sB6MSZseV,DceoHHLyHqcv4imDFL3fFwMF,CSSU's iPad,"",http://squareup.com/dashboard/sales/transactions/RDUXaoEEGyA9hvL9sB6MSZseV/by-unit/4YJMFSNQWK476,Payment,CSSU (charity),"",2SFM2RGT6D0WJYR1BE7VQRNZG4,Liu Lijia,""
11/14/17,18:02:32,Eastern Time (US & Canada),Clif,Clif Regular ,1.0,Regular,"","",$2.00,$0.00,$2.00,$0.00,RDUXaoEEGyA9hvL9sB6MSZseV,DceoHHLyHqcv4imDFL3fFwMF,CSSU's iPad,"",http://squareup.com/dashboard/sales/transactions/RDUXaoEEGyA9hvL9sB6MSZseV/by-unit/4YJMFSNQWK476,Payment,CSSU (charity),"",2SFM2RGT6D0WJYR1BE7VQRNZG4,Liu Lijia,""
11/14/17,18:02:15,Eastern Time (US & Canada),Clif,Clif Regular ,1.0,Regular,"","",$2.00,$0.00,$2.00,$0.00,fiQZVbdWeOVqyB5CmCVDbk9eV,pHURCgV6M7TIqMyc5zhwJQB,CSSU's iPad,"",http://squareup.com/dashboard/sales/transactions/fiQZVbdWeOVqyB5CmCVDbk9eV/by-unit/4YJMFSNQWK476,Payment,CSSU (charity),"","","",""
11/14/17,18:02:15,Eastern Time (US & Canada),None,Ice Cream Sandwich,1.0,Vanilla,"","",$0.50,$0.00,$0.50,$0.00,fiQZVbdWeOVqyB5CmCVDbk9eV,pHURCgV6M7TIqMyc5zhwJQB,CSSU's iPad,"",http://squareup.com/dashboard/sales/transactions/fiQZVbdWeOVqyB5CmCVDbk9eV/by-unit/4YJMFSNQWK476,Payment,CSSU (charity),"","","",""
11/14/17,18:01:52,Eastern Time (US & Canada),None,Ice Cream Sandwich,1.0,Vanilla,"","",$0.50,$0.00,$0.50,$0.00,XUvHRciPNuZSt1omNDtHQlieV,dRK6H2d5IiY1AR22A1vQLQB,CSSU's iPad,"",http://squareup.com/dashboard/sales/transactions/XUvHRciPNuZSt1omNDtHQlieV/by-unit/4YJMFSNQWK476,Payment,CSSU (charity),"","","",""
11/14/17,18:01:52,Eastern Time (US & Canada),Clif,Clif Regular ,1.0,Regular,"","",$2.00,$0.00,$2.00,$0.00,XUvHRciPNuZSt1omNDtHQlieV,dRK6H2d5IiY1AR22A1vQLQB,CSSU's iPad,"",http://squareup.com/dashboard/sales/transactions/XUvHRciPNuZSt1omNDtHQlieV/by-unit/4YJMFSNQWK476,Payment,CSSU (charity),"","","",""
11/14/17,15:55:48,Eastern Time (US & Canada),None,Ice Cream Sandwich,1.0,Vanilla,"","",$0.50,$0.00,$0.50,$0.00,RlhfF1DunEpa3C4kRQJTurpeV,5TEYoz3WU0qO54hLvTFJKQB,CSSU's iPad,"",http://squareup.com/dashboard/sales/transactions/RlhfF1DunEpa3C4kRQJTurpeV/by-unit/4YJMFSNQWK476,Payment,CSSU (charity),"","","",""
11/14/17,15:55:48,Eastern Time (US & Canada),None,Chips,1.0,2 for $1,"","",$1.00,$0.00,$1.00,$0.00,RlhfF1DunEpa3C4kRQJTurpeV,5TEYoz3WU0qO54hLvTFJKQB,CSSU's iPad,"",http://squareup.com/dashboard/sales/transactions/RlhfF1DunEpa3C4kRQJTurpeV/by-unit/4YJMFSNQWK476,Payment,CSSU (charity),"","","",""
11/14/17,15:55:48,Eastern Time (US & Canada),None,Ice Cream Sandwich,1.0,Vanilla,"","",$0.50,$0.00,$0.50,$0.00,RlhfF1DunEpa3C4kRQJTurpeV,5TEYoz3WU0qO54hLvTFJKQB,CSSU's iPad,"",http://squareup.com/dashboard/sales/transactions/RlhfF1DunEpa3C4kRQJTurpeV/by-unit/4YJMFSNQWK476,Payment,CSSU (charity),"","","",""
11/14/17,15:55:48,Eastern Time (US & Canada),None,San Pellegrino,1.0,Regular,"","",$1.50,$0.00,$1.50,$0.00,RlhfF1DunEpa3C4kRQJTurpeV,5TEYoz3WU0qO54hLvTFJKQB,CSSU's iPad,"",http://squareup.com/dashboard/sales/transactions/RlhfF1DunEpa3C4kRQJTurpeV/by-unit/4YJMFSNQWK476,Payment,CSSU (charity),"","","",""
11/14/17,15:38:55,Eastern Time (US & Canada),None,Ice Cream Sandwich,1.0,Vanilla,"","",$0.50,$0.00,$0.50,$0.00,F1gXO4Mb2eHAjYuF219VPl1eV,4UGizbCKlCTLIfqhRIPBAyMF,CSSU's iPad,"",http://squareup.com/dashboard/sales/transactions/F1gXO4Mb2eHAjYuF219VPl1eV/by-unit/4YJMFSNQWK476,Payment,CSSU (charity),"",P40MXFDR8D7AJMQGQMHQ5FQQXG,Tasawar Sattar,""
11/14/17,15:38:55,Eastern Time (US & Canada),None,Chips,1.0,2 for $1,"","",$1.00,$0.00,$1.00,$0.00,F1gXO4Mb2eHAjYuF219VPl1eV,4UGizbCKlCTLIfqhRIPBAyMF,CSSU's iPad,"",http://squareup.com/dashboard/sales/transactions/F1gXO4Mb2eHAjYuF219VPl1eV/by-unit/4YJMFSNQWK476,Payment,CSSU (charity),"",P40MXFDR8D7AJMQGQMHQ5FQQXG,Tasawar Sattar,""
11/14/17,14:28:51,Eastern Time (US & Canada),None,Ice Cream Sandwich,2.0,Vanilla,"","",$1.00,$0.00,$1.00,$0.00,V9UZMFWONrqwSpeXhDht63weV,nAtdnBhTeLEZc9co5X4MLQB,CSSU's iPad,"",http://squareup.com/dashboard/sales/transactions/V9UZMFWONrqwSpeXhDht63weV/by-unit/4YJMFSNQWK476,Payment,CSSU (charity),"","","",""
11/14/17,01:03:42,Eastern Time (US & Canada),None,Ice Cream Sandwich,1.0,Chocolate Chip,"","",$0.50,$0.00,$0.50,$0.00,PC8VP26r0uyG3JKE8Z0ftMyeV,5J7cb1y8IbdCN57BKlC6KQB,CSSU's iPad,"",http://squareup.com/dashboard/sales/transactions/PC8VP26r0uyG3JKE8Z0ftMyeV/by-unit/4YJMFSNQWK476,Payment,CSSU (charity),"","","",""
11/13/17,21:16:56,Eastern Time (US & Canada),None,Ice Cream Sandwich,1.0,Vanilla,"","",$0.50,$0.00,$0.50,$0.00,DEkJ0e5IBuk9xcQsCj9Lmq7eV,hFDMMGOpyEhWoFbGo8xyKQB,CSSU's iPad,"",http://squareup.com/dashboard/sales/transactions/DEkJ0e5IBuk9xcQsCj9Lmq7eV/by-unit/4YJMFSNQWK476,Payment,CSSU (charity),"","","",""
11/13/17,20:11:13,Eastern Time (US & Canada),Perrier,Perrier (Glass Bottle),1.0,Regular Price,"","",$1.50,$0.00,$1.50,$0.00,1PpTcvXTzAR7sDCwGYvDTLqeV,qH73AwpuSl0DUVzFfihkZtMF,CSSU's iPad,"",http://squareup.com/dashboard/sales/transactions/1PpTcvXTzAR7sDCwGYvDTLqeV/by-unit/4YJMFSNQWK476,Payment,CSSU (charity),"","","",""
11/13/17,20:11:13,Eastern Time (US & Canada),None,Ice Cream Sandwich,1.0,Vanilla,"","",$0.50,$0.00,$0.50,$0.00,1PpTcvXTzAR7sDCwGYvDTLqeV,qH73AwpuSl0DUVzFfihkZtMF,CSSU's iPad,"",http://squareup.com/dashboard/sales/transactions/1PpTcvXTzAR7sDCwGYvDTLqeV/by-unit/4YJMFSNQWK476,Payment,CSSU (charity),"","","",""
11/13/17,19:50:37,Eastern Time (US & Canada),None,Ice Cream Sandwich,1.0,Chocolate Chip,"","",$0.50,$0.00,$0.50,$0.00,H62DfC6y8BlYZZVMnsFnLQ8eV,NnHjCN27aAsgL6JQlgMRLQB,CSSU's iPad,"",http://squareup.com/dashboard/sales/transactions/H62DfC6y8BlYZZVMnsFnLQ8eV/by-unit/4YJMFSNQWK476,Payment,CSSU (charity),"","","",""
11/13/17,19:48:25,Eastern Time (US & Canada),None,Ice Cream Sandwich,1.0,Chocolate Chip,"","",$0.50,$0.00,$0.50,$0.00,LqlRWtk6RJrXpFJCZxr8Wx9eV,B1JtNruTWbhfqtdILQzEKQB,CSSU's iPad,"",http://squareup.com/dashboard/sales/transactions/LqlRWtk6RJrXpFJCZxr8Wx9eV/by-unit/4YJMFSNQWK476,Payment,CSSU (charity),"","","",""
11/13/17,19:16:37,Eastern Time (US & Canada),None,Ice Cream Sandwich,1.0,Chocolate Chip,"","",$0.50,$0.00,$0.50,$0.00,vuAOAdDIbLyHvzJn06Hzn15eV,hfuHKU1xPtylfx4HP44MLQB,CSSU's iPad,"",http://squareup.com/dashboard/sales/transactions/vuAOAdDIbLyHvzJn06Hzn15eV/by-unit/4YJMFSNQWK476,Payment,CSSU (charity),"","","",""
11/13/17,19:16:37,Eastern Time (US & Canada),None,Ice Cream Sandwich,1.0,Chocolate,"","",$0.50,$0.00,$0.50,$0.00,vuAOAdDIbLyHvzJn06Hzn15eV,hfuHKU1xPtylfx4HP44MLQB,CSSU's iPad,"",http://squareup.com/dashboard/sales/transactions/vuAOAdDIbLyHvzJn06Hzn15eV/by-unit/4YJMFSNQWK476,Payment,CSSU (charity),"","","",""
11/13/17,16:45:40,Eastern Time (US & Canada),Drinks,Pop,1.0,"Classic, 355ml","","",$1.00,$0.00,$1.00,$0.00,rGdSqL12TtRS0mxepn02WHreV,bYuo66L1RbujyYoPW7b8KQB,CSSU's iPad,"",http://squareup.com/dashboard/sales/transactions/rGdSqL12TtRS0mxepn02WHreV/by-unit/4YJMFSNQWK476,Payment,CSSU (charity),"","","",""
11/13/17,16:45:40,Eastern Time (US & Canada),None,Ice Cream Sandwich,1.0,Chocolate Chip,"","",$0.50,$0.00,$0.50,$0.00,rGdSqL12TtRS0mxepn02WHreV,bYuo66L1RbujyYoPW7b8KQB,CSSU's iPad,"",http://squareup.com/dashboard/sales/transactions/rGdSqL12TtRS0mxepn02WHreV/by-unit/4YJMFSNQWK476,Payment,CSSU (charity),"","","",""
11/13/17,16:12:46,Eastern Time (US & Canada),None,Ice Cream Sandwich,1.0,Vanilla,"","",$0.50,$0.00,$0.50,$0.00,LAELiDO8dPKS46BoLKJ3LJyeV,nIvQ1TljlxpYYszRYT4ELQB,CSSU's iPad,"",http://squareup.com/dashboard/sales/transactions/LAELiDO8dPKS46BoLKJ3LJyeV/by-unit/4YJMFSNQWK476,Payment,CSSU (charity),"","","",""
11/13/17,15:47:54,Eastern Time (US & Canada),None,Ice Cream Sandwich,1.0,Vanilla,"","",$0.50,$0.00,$0.50,$0.00,tLJXY66EqydM9Gu6h9gH4FteV,tt6DyabdoeedmUEJmqJaLQB,CSSU's iPad,"",http://squareup.com/dashboard/sales/transactions/tLJXY66EqydM9Gu6h9gH4FteV/by-unit/4YJMFSNQWK476,Payment,CSSU (charity),"","","",""
11/13/17,15:37:35,Eastern Time (US & Canada),None,Ice Cream Sandwich,1.0,Vanilla,"","",$0.50,$0.00,$0.50,$0.00,Bhv9vaSWtRt2nDmgOGsgdD2eV,vkprPzp2p8CWhUWez3bALQB,CSSU's iPad,"",http://squareup.com/dashboard/sales/transactions/Bhv9vaSWtRt2nDmgOGsgdD2eV/by-unit/4YJMFSNQWK476,Payment,CSSU (charity),"","","",""
11/13/17,15:18:33,Eastern Time (US & Canada),None,Ice Cream Sandwich,1.0,Vanilla,"","",$0.50,$0.00,$0.50,$0.00,RlV1dMWJ2PxMZzQQF0FUUWmeV,JNnlMFndjzWNOyycVqaMLQB,CSSU's iPad,"",http://squareup.com/dashboard/sales/transactions/RlV1dMWJ2PxMZzQQF0FUUWmeV/by-unit/4YJMFSNQWK476,Payment,CSSU (charity),"","","",""
11/10/17,22:52:09,Eastern Time (US & Canada),None,Ice Cream Sandwich,1.0,Vanilla,"","",$0.50,$0.00,$0.50,$0.00,xVrgLNm9DugiOqWNELxPwzreV,j2jAIcXhKUYbORSobzO5JQB,CSSU's iPad,"",http://squareup.com/dashboard/sales/transactions/xVrgLNm9DugiOqWNELxPwzreV/by-unit/4YJMFSNQWK476,Payment,CSSU (charity),"","","",""
11/10/17,17:56:09,Eastern Time (US & Canada),None,Ice Cream Sandwich,2.0,Chocolate,"","",$1.00,$0.00,$1.00,$0.00,vKqswBbHz5MISJLkUJg9zdreV,GhZr0vjis8RgBEOWsA30tuMF,CSSU's iPad,"",http://squareup.com/dashboard/sales/transactions/vKqswBbHz5MISJLkUJg9zdreV/by-unit/4YJMFSNQWK476,Payment,CSSU (charity),"","","",""
11/10/17,17:56:09,Eastern Time (US & Canada),Drinks,Arizona,1.0,"Regular Price, 500ml","","",$1.25,$0.00,$1.25,$0.00,vKqswBbHz5MISJLkUJg9zdreV,GhZr0vjis8RgBEOWsA30tuMF,CSSU's iPad,"",http://squareup.com/dashboard/sales/transactions/vKqswBbHz5MISJLkUJg9zdreV/by-unit/4YJMFSNQWK476,Payment,CSSU (charity),"","","",""
11/10/17,17:13:52,Eastern Time (US & Canada),None,Ice Cream Sandwich,1.0,Vanilla,"","",$0.50,$0.00,$0.50,$0.00,nySxMOgwcCND8JE7vYU9SQieV,rEGRbn0H7o1S8RZ3xhMlKQB,CSSU's iPad,"",http://squareup.com/dashboard/sales/transactions/nySxMOgwcCND8JE7vYU9SQieV/by-unit/4YJMFSNQWK476,Payment,CSSU (charity),"","","",""
11/10/17,17:13:52,Eastern Time (US & Canada),None,Ice Cream Sandwich,1.0,Chocolate Chip,"","",$0.50,$0.00,$0.50,$0.00,nySxMOgwcCND8JE7vYU9SQieV,rEGRbn0H7o1S8RZ3xhMlKQB,CSSU's iPad,"",http://squareup.com/dashboard/sales/transactions/nySxMOgwcCND8JE7vYU9SQieV/by-unit/4YJMFSNQWK476,Payment,CSSU (charity),"","","",""
11/10/17,17:12:57,Eastern Time (US & Canada),None,Ice Cream Sandwich,1.0,Vanilla,"","",$0.50,$0.00,$0.50,$0.00,xb2KOfpRT7wy36ne366gPg4eV,TYelFsmvOdcB3tIm5SyhKQB,CSSU's iPad,"",http://squareup.com/dashboard/sales/transactions/xb2KOfpRT7wy36ne366gPg4eV/by-unit/4YJMFSNQWK476,Payment,CSSU (charity),"","","",""
11/10/17,17:12:57,Eastern Time (US & Canada),None,Ice Cream Sandwich,1.0,Chocolate,"","",$0.50,$0.00,$0.50,$0.00,xb2KOfpRT7wy36ne366gPg4eV,TYelFsmvOdcB3tIm5SyhKQB,CSSU's iPad,"",http://squareup.com/dashboard/sales/transactions/xb2KOfpRT7wy36ne366gPg4eV/by-unit/4YJMFSNQWK476,Payment,CSSU (charity),"","","",""
11/09/17,17:46:11,Eastern Time (US & Canada),None,Ice Cream Sandwich,1.0,Vanilla,"","",$0.50,$0.00,$0.50,$0.00,9rr0TBhMVogPU6xsm4HTh5qeV,zSr3AG9o55cu7ajNYMptKQB,CSSU's iPad,"",http://squareup.com/dashboard/sales/transactions/9rr0TBhMVogPU6xsm4HTh5qeV/by-unit/4YJMFSNQWK476,Payment,CSSU (charity),"","","",""
11/09/17,17:44:49,Eastern Time (US & Canada),None,Ice Cream Sandwich,1.0,Chocolate Chip,"","",$0.50,$0.00,$0.50,$0.00,1p4YCJ5H5J8Vpd4FD540MZAfV,XamBRAwsydHG7BgihT45KQB,CSSU's iPad,"",http://squareup.com/dashboard/sales/transactions/1p4YCJ5H5J8Vpd4FD540MZAfV/by-unit/4YJMFSNQWK476,Payment,CSSU (charity),"","","",""
11/09/17,17:34:24,Eastern Time (US & Canada),None,Ice Cream Sandwich,1.0,Vanilla,"","",$0.50,$0.00,$0.50,$0.00,5T2lcuYLbjE4I7M4erlI0vieV,Ly9tzRFaO1F1xezr7biUKQB,CSSU's iPad,"",http://squareup.com/dashboard/sales/transactions/5T2lcuYLbjE4I7M4erlI0vieV/by-unit/4YJMFSNQWK476,Payment,CSSU (charity),"","","",""
11/09/17,17:28:43,Eastern Time (US & Canada),None,Ice Cream Sandwich,1.0,Chocolate,"","",$0.50,$0.00,$0.50,$0.00,pdtuHH4gKcaLSEqp7z9YUF8eV,T2pV20sogm1x88aIu326KQB,CSSU's iPad,"",http://squareup.com/dashboard/sales/transactions/pdtuHH4gKcaLSEqp7z9YUF8eV/by-unit/4YJMFSNQWK476,Payment,CSSU (charity),"","","",""
11/09/17,16:59:18,Eastern Time (US & Canada),None,Ice Cream Sandwich,2.0,Vanilla,"","",$1.00,$0.00,$1.00,$0.00,hl97HJGwER1oy67PVjARnl2eV,Bngywzwy9CHjKpWWkHwpKQB,CSSU's iPad,"",http://squareup.com/dashboard/sales/transactions/hl97HJGwER1oy67PVjARnl2eV/by-unit/4YJMFSNQWK476,Payment,CSSU (charity),"","","",""
11/09/17,16:12:35,Eastern Time (US & Canada),Drinks,Jarritos ,1.0,Mango,"","",$2.00,$0.00,$2.00,$0.00,F7JCGiY9qpic2WAmkdEZnjieV,5ZNP6vjtZi0Q6eYafykQKQB,CSSU's iPad,"",http://squareup.com/dashboard/sales/transactions/F7JCGiY9qpic2WAmkdEZnjieV/by-unit/4YJMFSNQWK476,Payment,CSSU (charity),"","","",""
11/09/17,16:12:35,Eastern Time (US & Canada),None,Ice Cream Sandwich,1.0,Vanilla,"","",$0.50,$0.00,$0.50,$0.00,F7JCGiY9qpic2WAmkdEZnjieV,5ZNP6vjtZi0Q6eYafykQKQB,CSSU's iPad,"",http://squareup.com/dashboard/sales/transactions/F7JCGiY9qpic2WAmkdEZnjieV/by-unit/4YJMFSNQWK476,Payment,CSSU (charity),"","","",""
11/09/17,15:47:54,Eastern Time (US & Canada),None,Ice Cream Sandwich,4.0,Vanilla,"","",$2.00,$0.00,$2.00,$0.00,LiB3J7nhSmmDEqIS566oPkneV,hPY6Nzrpkr53DV5McdcLKQB,CSSU's iPad,"",http://squareup.com/dashboard/sales/transactions/LiB3J7nhSmmDEqIS566oPkneV/by-unit/4YJMFSNQWK476,Payment,CSSU (charity),"","","",""
11/09/17,14:22:12,Eastern Time (US & Canada),None,Ice Cream Sandwich,1.0,Vanilla,"","",$0.50,$0.00,$0.50,$0.00,XKg4ePhDh3IxPX3ItwELcyseV,ltySmHv1fxRVz12orcNnKQB,CSSU's iPad,"",http://squareup.com/dashboard/sales/transactions/XKg4ePhDh3IxPX3ItwELcyseV/by-unit/4YJMFSNQWK476,Payment,CSSU (charity),"","","",""
11/09/17,14:11:29,Eastern Time (US & Canada),None,Ice Cream Sandwich,2.0,Vanilla,"","",$1.00,$0.00,$1.00,$0.00,BlX60wxU7z5Ed1v9CcaAGC6eV,504eARB3zwKv34H6ezyiTuMF,CSSU's iPad,"",http://squareup.com/dashboard/sales/transactions/BlX60wxU7z5Ed1v9CcaAGC6eV/by-unit/4YJMFSNQWK476,Payment,CSSU (charity),"","","",""
11/08/17,18:17:50,Eastern Time (US & Canada),None,Ice Cream Sandwich,4.0,Vanilla,"","",$2.00,$0.00,$2.00,$0.00,LmZiz6qK6lcURXmEXJ2eJs8eV,7rgXaByCmhD9Tx2mtaxtotMF,CSSU's iPad,"",http://squareup.com/dashboard/sales/transactions/LmZiz6qK6lcURXmEXJ2eJs8eV/by-unit/4YJMFSNQWK476,Payment,CSSU (charity),"",Y10JQWTMM92AMMCV0R6W4NFZY0,Ji Yin,""
11/08/17,18:16:13,Eastern Time (US & Canada),None,Ice Cream Sandwich,3.0,Vanilla,"","",$1.50,$0.00,$1.50,$0.00,5f4r48nEH2MRHQcRfNOmkZ6eV,l5GDrhYjTaqIBvu5NIF0KQB,CSSU's iPad,"",http://squareup.com/dashboard/sales/transactions/5f4r48nEH2MRHQcRfNOmkZ6eV/by-unit/4YJMFSNQWK476,Payment,CSSU (charity),"","","",""
11/08/17,18:15:59,Eastern Time (US & Canada),None,Ice Cream Sandwich,1.0,Vanilla,"","",$0.50,$0.00,$0.50,$0.00,FnzY61cXi3EnznnMQKea0oteV,NBondmTr8fMg7knWGRPnLQB,CSSU's iPad,"",http://squareup.com/dashboard/sales/transactions/FnzY61cXi3EnznnMQKea0oteV/by-unit/4YJMFSNQWK476,Payment,CSSU (charity),"","","",""
11/08/17,17:09:41,Eastern Time (US & Canada),None,Ice Cream Sandwich,3.0,Chocolate,"","",$1.50,$0.00,$1.50,$0.00,RRPTHEzxNWdHiNViI05wYoleV,lJ69RvoDV01chVmhZN1cKQB,CSSU's iPad,"",http://squareup.com/dashboard/sales/transactions/RRPTHEzxNWdHiNViI05wYoleV/by-unit/4YJMFSNQWK476,Payment,CSSU (charity),"","","",""
11/07/17,22:17:13,Eastern Time (US & Canada),None,Ice Cream Sandwich,2.0,Vanilla,"","",$1.00,$0.00,$1.00,$0.00,7sEgZ4AXOiEuK4aG7WOfrdfeV,b0GLTN8Ku2wdpBVN6ZxpKQB,CSSU's iPad,"",http://squareup.com/dashboard/sales/transactions/7sEgZ4AXOiEuK4aG7WOfrdfeV/by-unit/4YJMFSNQWK476,Payment,CSSU (charity),"","","",""
11/07/17,20:20:17,Eastern Time (US & Canada),None,Ice Cream Sandwich,2.0,Vanilla,"","",$1.00,$0.00,$1.00,$0.00,pBPWpw0nUNhVJsCOlrzZN22eV,zzhMvEXFLwGvx2NJwyceaxMF,CSSU's iPad,"",http://squareup.com/dashboard/sales/transactions/pBPWpw0nUNhVJsCOlrzZN22eV/by-unit/4YJMFSNQWK476,Payment,CSSU (charity),"","","",""
11/07/17,18:37:20,Eastern Time (US & Canada),None,Ice Cream Sandwich,2.0,Vanilla,"","",$1.00,$0.00,$1.00,$0.00,L2V0NDJVAq3Q9AF0rWFhaA8eV,364mn5nWj5Ep8aYeFkrhKQB,CSSU's iPad,"",http://squareup.com/dashboard/sales/transactions/L2V0NDJVAq3Q9AF0rWFhaA8eV/by-unit/4YJMFSNQWK476,Payment,CSSU (charity),"","","",""
11/07/17,16:36:20,Eastern Time (US & Canada),None,Ice Cream Sandwich,1.0,Vanilla,"","",$0.50,$0.00,$0.50,$0.00,b0sECDGxVOXwO8wb3XMJlEkeV,V9EnvFaXlFtOro3irMdkLQB,CSSU's iPad,"",http://squareup.com/dashboard/sales/transactions/b0sECDGxVOXwO8wb3XMJlEkeV/by-unit/4YJMFSNQWK476,Payment,CSSU (charity),"","","",""
11/07/17,16:24:18,Eastern Time (US & Canada),None,Ice Cream Sandwich,1.0,Vanilla,"","",$0.50,$0.00,$0.50,$0.00,VfpD2KdvbvK0SDQrVRdbw5keV,rUKjLOqL4IuKia94sWVNKQB,CSSU's iPad,"",http://squareup.com/dashboard/sales/transactions/VfpD2KdvbvK0SDQrVRdbw5keV/by-unit/4YJMFSNQWK476,Payment,CSSU (charity),"","","",""
11/07/17,15:18:21,Eastern Time (US & Canada),None,Ice Cream Sandwich,2.0,Vanilla,"","",$1.00,$0.00,$1.00,$0.00,Tk4B6KyjfjJqw8mr1KoBAMkeV,97N5lGsdc9feCBGxfLwXKQB,CSSU's iPad,"",http://squareup.com/dashboard/sales/transactions/Tk4B6KyjfjJqw8mr1KoBAMkeV/by-unit/4YJMFSNQWK476,Payment,CSSU (charity),"","","",""
11/07/17,15:15:03,Eastern Time (US & Canada),None,Ice Cream Sandwich,1.0,Chocolate Chip,"","",$0.50,$0.00,$0.50,$0.00,ZRbq7WfetNxGSqI63fM3koueV,DGpZrafH4Qqu3c7ijMG1JQB,CSSU's iPad,"",http://squareup.com/dashboard/sales/transactions/ZRbq7WfetNxGSqI63fM3koueV/by-unit/4YJMFSNQWK476,Payment,CSSU (charity),"","","",""
11/07/17,15:15:03,Eastern Time (US & Canada),None,Ice Cream Sandwich,1.0,Vanilla,"","",$0.50,$0.00,$0.50,$0.00,ZRbq7WfetNxGSqI63fM3koueV,DGpZrafH4Qqu3c7ijMG1JQB,CSSU's iPad,"",http://squareup.com/dashboard/sales/transactions/ZRbq7WfetNxGSqI63fM3koueV/by-unit/4YJMFSNQWK476,Payment,CSSU (charity),"","","",""
11/07/17,12:42:53,Eastern Time (US & Canada),None,Ice Cream Sandwich,1.0,Chocolate,"","",$0.50,$0.00,$0.50,$0.00,xBTD4xyDcKLsys1RVxIpik8eV,BdbGafOPvW2njIOmNWiQLQB,CSSU's iPad,"",http://squareup.com/dashboard/sales/transactions/xBTD4xyDcKLsys1RVxIpik8eV/by-unit/4YJMFSNQWK476,Payment,CSSU (charity),"","","",""
11/07/17,10:43:31,Eastern Time (US & Canada),None,Ice Cream Sandwich,1.0,Vanilla,"","",$0.50,$0.00,$0.50,$0.00,Bpt2rBw5FT3enbGdf6hey98eV,dxCAAmBBMDPNrzeu9DacKQB,CSSU's iPad,"",http://squareup.com/dashboard/sales/transactions/Bpt2rBw5FT3enbGdf6hey98eV/by-unit/4YJMFSNQWK476,Payment,CSSU (charity),"","","",""
11/06/17,18:05:17,Eastern Time (US & Canada),None,Ice Cream Sandwich,1.0,Vanilla,"","",$0.50,$0.00,$0.50,$0.00,x5TfxHgpuCldgtfmUjEkATleV,n26ety3r77gGDchyVWA2JQB,CSSU's iPad,"",http://squareup.com/dashboard/sales/transactions/x5TfxHgpuCldgtfmUjEkATleV/by-unit/4YJMFSNQWK476,Payment,CSSU (charity),"","","",""
11/06/17,18:05:17,Eastern Time (US & Canada),Drinks,Coke,1.0,"Diet, 355ml","","",$1.00,$0.00,$1.00,$0.00,x5TfxHgpuCldgtfmUjEkATleV,n26ety3r77gGDchyVWA2JQB,CSSU's iPad,"",http://squareup.com/dashboard/sales/transactions/x5TfxHgpuCldgtfmUjEkATleV/by-unit/4YJMFSNQWK476,Payment,CSSU (charity),"","","",""
11/06/17,16:09:15,Eastern Time (US & Canada),None,Ice Cream Sandwich,1.0,Vanilla,"","",$0.50,$0.00,$0.50,$0.00,9v3J9SLJPIsfHs16gSn0i3neV,vQZ2K9lkfogpVb3kQTAOLQB,CSSU's iPad,"",http://squareup.com/dashboard/sales/transactions/9v3J9SLJPIsfHs16gSn0i3neV/by-unit/4YJMFSNQWK476,Payment,CSSU (charity),"","","",""
11/06/17,16:09:00,Eastern Time (US & Canada),None,Ice Cream Sandwich,1.0,Vanilla,"","",$0.50,$0.00,$0.50,$0.00,72x8XT3GSQGwAwkrye9vhRmeV,91IonjY0NqTbVJjs0BFbKQB,CSSU's iPad,"",http://squareup.com/dashboard/sales/transactions/72x8XT3GSQGwAwkrye9vhRmeV/by-unit/4YJMFSNQWK476,Payment,CSSU (charity),"","","",""
11/06/17,00:00:29,Eastern Time (US & Canada),None,Ice Cream Sandwich,1.0,Vanilla,"","",$0.50,$0.00,$0.50,$0.00,J1vvGOP5hp6HCMF3DMd4lqweV,LelaFfAdpayFtaGhHYGoKQB,CSSU's iPad,"",http://squareup.com/dashboard/sales/transactions/J1vvGOP5hp6HCMF3DMd4lqweV/by-unit/4YJMFSNQWK476,Payment,CSSU (charity),"","","",""
11/04/17,14:18:43,Eastern Time (US & Canada),None,Ice Cream Sandwich,1.0,Vanilla,"","",$0.50,$0.00,$0.50,$0.00,RlfK1cq1NhN1pfy1h4BuOk6eV,lzDlY1Z7gmxqtow4wtX0JQB,CSSU's iPad,"",http://squareup.com/dashboard/sales/transactions/RlfK1cq1NhN1pfy1h4BuOk6eV/by-unit/4YJMFSNQWK476,Payment,CSSU (charity),"","","",""
11/03/17,21:32:57,Eastern Time (US & Canada),None,Ice Cream Sandwich,1.0,Chocolate Chip,"","",$0.50,$0.00,$0.50,$0.00,Zr4IK6E5uC7k4bsljHWEfApeV,vGmJ7H1W9RhtnM0zWRscKQB,CSSU's iPad,"",http://squareup.com/dashboard/sales/transactions/Zr4IK6E5uC7k4bsljHWEfApeV/by-unit/4YJMFSNQWK476,Payment,CSSU (charity),"","","",""
11/03/17,20:19:13,Eastern Time (US & Canada),None,Ice Cream Sandwich,1.0,Vanilla,"","",$0.50,$0.00,$0.50,$0.00,7EqD4qUIx5McNqb3X4GuX6neV,OjuUNEkL6QtR0Eb1rOSAWwMF,CSSU's iPad,"",http://squareup.com/dashboard/sales/transactions/7EqD4qUIx5McNqb3X4GuX6neV/by-unit/4YJMFSNQWK476,Payment,CSSU (charity),"","","",""
11/03/17,20:19:13,Eastern Time (US & Canada),Drinks,Coke,1.0,"Classic, 355ml","","",$1.00,$0.00,$1.00,$0.00,7EqD4qUIx5McNqb3X4GuX6neV,OjuUNEkL6QtR0Eb1rOSAWwMF,CSSU's iPad,"",http://squareup.com/dashboard/sales/transactions/7EqD4qUIx5McNqb3X4GuX6neV/by-unit/4YJMFSNQWK476,Payment,CSSU (charity),"","","",""
11/03/17,17:50:35,Eastern Time (US & Canada),None,Ice Cream Sandwich,3.0,Vanilla,"","",$1.50,$0.00,$1.50,$0.00,rEmtBP6ELIT28gatiI7WokkeV,BXyzQQFCKLwn1xDrb5l2KQB,CSSU's iPad,"",http://squareup.com/dashboard/sales/transactions/rEmtBP6ELIT28gatiI7WokkeV/by-unit/4YJMFSNQWK476,Payment,CSSU (charity),"","","",""
11/03/17,16:48:59,Eastern Time (US & Canada),None,Ice Cream Sandwich,1.0,Vanilla,"","",$0.50,$0.00,$0.50,$0.00,DYWxSg126szhXTG9nTQmYu3eV,dfZMM51B4xtQK9lVWCcfKQB,CSSU's iPad,"",http://squareup.com/dashboard/sales/transactions/DYWxSg126szhXTG9nTQmYu3eV/by-unit/4YJMFSNQWK476,Payment,CSSU (charity),"","","",""
11/03/17,16:28:05,Eastern Time (US & Canada),None,Ice Cream Sandwich,5.0,Vanilla,"","",$2.50,$0.00,$2.50,$0.00,9bvmPQrEmShXkmeF3p39GnyeV,uvpIQQn1jYhJju2Ko8xz7yMF,CSSU's iPad,"",http://squareup.com/dashboard/sales/transactions/9bvmPQrEmShXkmeF3p39GnyeV/by-unit/4YJMFSNQWK476,Payment,CSSU (charity),"","","",""
11/03/17,15:58:42,Eastern Time (US & Canada),None,Ice Cream Sandwich,1.0,Chocolate Chip,"","",$0.50,$0.00,$0.50,$0.00,hzyeF9EQZqsGcLzDmfetNGoeV,jWtrBNDGUZnh0gh6Hu5AKQB,CSSU's iPad,"",http://squareup.com/dashboard/sales/transactions/hzyeF9EQZqsGcLzDmfetNGoeV/by-unit/4YJMFSNQWK476,Payment,CSSU (charity),"","","",""
11/03/17,14:53:43,Eastern Time (US & Canada),None,Ice Cream Sandwich,2.0,Chocolate Chip,"","",$1.00,$0.00,$1.00,$0.00,5dJ8iZotMoVAfynpN7OwVtmeV,b6bUJwSuQ0uRTMfFcIKaLQB,CSSU's iPad,"",http://squareup.com/dashboard/sales/transactions/5dJ8iZotMoVAfynpN7OwVtmeV/by-unit/4YJMFSNQWK476,Payment,CSSU (charity),"","","",""
11/03/17,13:04:01,Eastern Time (US & Canada),None,Ice Cream Sandwich,2.0,Chocolate Chip,"","",$1.00,$0.00,$1.00,$0.00,H0bdu6nNQu39j3zeXknpsOweV,Jpr4wraE76lJ0iF2O2jsKQB,CSSU's iPad,"",http://squareup.com/dashboard/sales/transactions/H0bdu6nNQu39j3zeXknpsOweV/by-unit/4YJMFSNQWK476,Payment,CSSU (charity),"","","",""
11/03/17,12:09:17,Eastern Time (US & Canada),None,Ice Cream Sandwich,1.0,Vanilla,"","",$0.50,$0.00,$0.50,$0.00,PuIeEVCvGN7VgjcPWzavOameV,JjuzScFXZiPWYwkBQAAaLQB,CSSU's iPad,"",http://squareup.com/dashboard/sales/transactions/PuIeEVCvGN7VgjcPWzavOameV/by-unit/4YJMFSNQWK476,Payment,CSSU (charity),"","","",""
11/03/17,10:57:05,Eastern Time (US & Canada),None,Ice Cream Sandwich,2.0,Chocolate Chip,"","",$1.00,$0.00,$1.00,$0.00,349BNa3Y30FYhKVwtzpczGyeV,7aN5Px7HKuDl02xy3tTbKQB,CSSU's iPad,"",http://squareup.com/dashboard/sales/transactions/349BNa3Y30FYhKVwtzpczGyeV/by-unit/4YJMFSNQWK476,Payment,CSSU (charity),"","","",""
11/02/17,22:18:42,Eastern Time (US & Canada),None,Ice Cream Sandwich,3.0,Chocolate,"","",$1.50,$0.00,$1.50,$0.00,5thqNhEokx2ME0a0S4aMNemeV,ZNlgraJnlfJumAavhCA1KQB,CSSU's iPad,Chocolate chip,http://squareup.com/dashboard/sales/transactions/5thqNhEokx2ME0a0S4aMNemeV/by-unit/4YJMFSNQWK476,Payment,CSSU (charity),"","","",""
11/02/17,19:47:24,Eastern Time (US & Canada),None,Ice Cream Sandwich,2.0,Chocolate,"","",$1.00,$0.00,$1.00,$0.00,xz87eUOR6ddlPOWYZVt6Z7weV,VVlz76ElFEInw3UGNSklGtMF,CSSU's iPad,"",http://squareup.com/dashboard/sales/transactions/xz87eUOR6ddlPOWYZVt6Z7weV/by-unit/4YJMFSNQWK476,Payment,CSSU (charity),"",45E1Y94GSS2BPTKSGQ0V2C8HVC,Som Mathur,""
11/02/17,19:32:58,Eastern Time (US & Canada),None,Ice Cream Sandwich,2.0,Vanilla,"","",$1.00,$0.00,$1.00,$0.00,DEWUtWvddd63Ui5rC8Q4GgqeV,NhiuOKpOJiCej3oADAj7KQB,CSSU's iPad,"",http://squareup.com/dashboard/sales/transactions/DEWUtWvddd63Ui5rC8Q4GgqeV/by-unit/4YJMFSNQWK476,Payment,CSSU (charity),"","","",""
11/02/17,17:02:29,Eastern Time (US & Canada),None,Ice Cream Sandwich,1.0,Vanilla,"","",$0.50,$0.00,$0.50,$0.00,BRXfWjIhlPjaK7QMNasezx6eV,vMpzuSpaf6PdECt5ATNeKQB,CSSU's iPad,"",http://squareup.com/dashboard/sales/transactions/BRXfWjIhlPjaK7QMNasezx6eV/by-unit/4YJMFSNQWK476,Payment,CSSU (charity),"","","",""
11/02/17,16:59:56,Eastern Time (US & Canada),None,Ice Cream Sandwich,1.0,Chocolate,"","",$0.50,$0.00,$0.50,$0.00,pHA3sthr8xh0t4Bi5WQVIZ4eV,NrFtuCzHUGKvjh3NimUlLQB,CSSU's iPad,"",http://squareup.com/dashboard/sales/transactions/pHA3sthr8xh0t4Bi5WQVIZ4eV/by-unit/4YJMFSNQWK476,Payment,CSSU (charity),"","","",""
11/02/17,16:40:53,Eastern Time (US & Canada),None,Ice Cream Sandwich,1.0,Chocolate Chip,"","",$0.50,$0.00,$0.50,$0.00,1HTcVpKyNZ6eFqTCNIwHSGzeV,pjmlBfFPEyx1YoFpuUe1KQB,CSSU's iPad,"",http://squareup.com/dashboard/sales/transactions/1HTcVpKyNZ6eFqTCNIwHSGzeV/by-unit/4YJMFSNQWK476,Payment,CSSU (charity),"","","",""
11/02/17,15:11:27,Eastern Time (US & Canada),None,Ice Cream Sandwich,2.0,Vanilla,"","",$1.00,$0.00,$1.00,$0.00,HERGjy6fQLcwN8SDum6hymueV,18i667jAG86P4u9seZN4nsMF,CSSU's iPad,"",http://squareup.com/dashboard/sales/transactions/HERGjy6fQLcwN8SDum6hymueV/by-unit/4YJMFSNQWK476,Payment,CSSU (charity),"","","",""
11/02/17,13:47:55,Eastern Time (US & Canada),None,Ice Cream Sandwich,1.0,Chocolate Chip,"","",$0.50,$0.00,$0.50,$0.00,B7sbw7Jc0usimqpuBMWkjlzeV,r2XdrfUzUeb5kZLgbeUxKQB,CSSU's iPad,"",http://squareup.com/dashboard/sales/transactions/B7sbw7Jc0usimqpuBMWkjlzeV/by-unit/4YJMFSNQWK476,Payment,CSSU (charity),"","","",""
11/01/17,20:10:50,Eastern Time (US & Canada),None,Ice Cream Sandwich,1.0,Vanilla,"","",$0.50,$0.00,$0.50,$0.00,xBL5lViWNHqFeybORCryDSseV,Xs7XHhVr077qqsRXpkkGKQB,CSSU's iPad,"",http://squareup.com/dashboard/sales/transactions/xBL5lViWNHqFeybORCryDSseV/by-unit/4YJMFSNQWK476,Payment,CSSU (charity),"","","",""
11/01/17,19:37:22,Eastern Time (US & Canada),None,Ice Cream Sandwich,2.0,Vanilla,"","",$1.00,$0.00,$1.00,$0.00,t5eiWKKcR6OcPKDeyFX4XYmeV,dZKG0TsSI97q5xouSp4eKQB,CSSU's iPad,"",http://squareup.com/dashboard/sales/transactions/t5eiWKKcR6OcPKDeyFX4XYmeV/by-unit/4YJMFSNQWK476,Payment,CSSU (charity),"","","",""
11/01/17,19:35:32,Eastern Time (US & Canada),None,Ice Cream Sandwich,2.0,Vanilla,"","",$1.00,$0.00,$1.00,$0.00,1VkJVbaMEY5G3Jj2QlFUi0keV,5ZzolDzJM1xpPaBMfUgbLQB,CSSU's iPad,"",http://squareup.com/dashboard/sales/transactions/1VkJVbaMEY5G3Jj2QlFUi0keV/by-unit/4YJMFSNQWK476,Payment,CSSU (charity),"","","",""
11/01/17,19:35:32,Eastern Time (US & Canada),Drinks,Coke,1.0,"Classic, 355ml","","",$1.00,$0.00,$1.00,$0.00,1VkJVbaMEY5G3Jj2QlFUi0keV,5ZzolDzJM1xpPaBMfUgbLQB,CSSU's iPad,"",http://squareup.com/dashboard/sales/transactions/1VkJVbaMEY5G3Jj2QlFUi0keV/by-unit/4YJMFSNQWK476,Payment,CSSU (charity),"","","",""
11/01/17,19:24:14,Eastern Time (US & Canada),Drinks,Coke,1.0,"Classic, 355ml","","",$1.00,$0.00,$1.00,$0.00,jw2ZVzvZqh0oIcuP5ann11jeV,ngL8tWfYIicNUbPrrUEEKQB,CSSU's iPad,"",http://squareup.com/dashboard/sales/transactions/jw2ZVzvZqh0oIcuP5ann11jeV/by-unit/4YJMFSNQWK476,Payment,CSSU (charity),"","","",""
11/01/17,19:24:14,Eastern Time (US & Canada),None,Ice Cream Sandwich,1.0,Chocolate,"","",$0.50,$0.00,$0.50,$0.00,jw2ZVzvZqh0oIcuP5ann11jeV,ngL8tWfYIicNUbPrrUEEKQB,CSSU's iPad,"",http://squareup.com/dashboard/sales/transactions/jw2ZVzvZqh0oIcuP5ann11jeV/by-unit/4YJMFSNQWK476,Payment,CSSU (charity),"","","",""
11/01/17,17:03:06,Eastern Time (US & Canada),None,Ice Cream Sandwich,1.0,Vanilla,"","",$0.50,$0.00,$0.50,$0.00,ZNlgdJEzBaO0rBezoNEdN6oeV,9BaocLk0WseZ7u4BaK33JQB,CSSU's iPad,"",http://squareup.com/dashboard/sales/transactions/ZNlgdJEzBaO0rBezoNEdN6oeV/by-unit/4YJMFSNQWK476,Payment,CSSU (charity),"","","",""
11/01/17,16:32:33,Eastern Time (US & Canada),None,Ice Cream Sandwich,3.0,Chocolate Chip,"","",$1.50,$0.00,$1.50,$0.00,jWnIvcddcieo2WBfJt1BMDfeV,HhsylNZ69GqNWOBkxB2UgtMF,CSSU's iPad,"",http://squareup.com/dashboard/sales/transactions/jWnIvcddcieo2WBfJt1BMDfeV/by-unit/4YJMFSNQWK476,Payment,CSSU (charity),"",K9Z49ZBZ9146EJH6PGN6NXTBM4,Calvin.mr Sanghera,""
11/01/17,16:28:00,Eastern Time (US & Canada),None,Ice Cream Sandwich,1.0,Vanilla,"","",$0.50,$0.00,$0.50,$0.00,X6YuJDjScMoO1QPktlULkt1eV,xvCraDqOXrZZBFwivQUpKQB,CSSU's iPad,"",http://squareup.com/dashboard/sales/transactions/X6YuJDjScMoO1QPktlULkt1eV/by-unit/4YJMFSNQWK476,Payment,CSSU (charity),"","","",""
11/01/17,16:28:00,Eastern Time (US & Canada),Drinks,Coke,1.0,"Classic, 355ml","","",$1.00,$0.00,$1.00,$0.00,X6YuJDjScMoO1QPktlULkt1eV,xvCraDqOXrZZBFwivQUpKQB,CSSU's iPad,"",http://squareup.com/dashboard/sales/transactions/X6YuJDjScMoO1QPktlULkt1eV/by-unit/4YJMFSNQWK476,Payment,CSSU (charity),"","","",""
10/30/17,19:38:57,Eastern Time (US & Canada),None,Ice Cream Sandwich,1.0,Vanilla,"","",$0.50,$0.00,$0.50,$0.00,9pUpPH9TnjdZzkyRPlLjCl9eV,lHJlvUPAWJCledmqKV0ELQB,CSSU's iPad,"",http://squareup.com/dashboard/sales/transactions/9pUpPH9TnjdZzkyRPlLjCl9eV/by-unit/4YJMFSNQWK476,Payment,CSSU (charity),"","","",""
10/30/17,16:06:06,Eastern Time (US & Canada),None,Ice Cream Sandwich,1.0,Fudgsicle,"","",$0.50,$0.00,$0.50,$0.00,pDc2yY7DGt68D2JrqxPLOifeV,PWmzAddWRnYWnQ4sQiJeLQB,CSSU's iPad,"",http://squareup.com/dashboard/sales/transactions/pDc2yY7DGt68D2JrqxPLOifeV/by-unit/4YJMFSNQWK476,Payment,CSSU (charity),"","","",""
10/30/17,13:36:33,Eastern Time (US & Canada),None,Ice Cream Sandwich,1.0,Fudgsicle,"","",$0.50,$0.00,$0.50,$0.00,HQ3yROQfbrrYNvFFdHhAZfneV,FxkSuqsJPl8P2IBhPecbLQB,CSSU's iPad,"",http://squareup.com/dashboard/sales/transactions/HQ3yROQfbrrYNvFFdHhAZfneV/by-unit/4YJMFSNQWK476,Payment,CSSU (charity),"","","",""
10/27/17,14:57:16,Eastern Time (US & Canada),None,Ice Cream Sandwich,2.0,Vanilla,"","",$1.00,$0.00,$1.00,$0.00,PCqAd0eMtb1YgW6nlsrVONxeV,a8PKaa4P87ekqbsfzYWlwvMF,CSSU's iPad,"",http://squareup.com/dashboard/sales/transactions/PCqAd0eMtb1YgW6nlsrVONxeV/by-unit/4YJMFSNQWK476,Payment,CSSU (charity),"",9AEKKPWTNN0SEH5N38BNFBGZ0R,A Salamea Espinoza,""
10/27/17,14:57:16,Eastern Time (US & Canada),Drinks,Nestea Iced Tea,1.0,Regular Price,"","",$1.00,$0.00,$1.00,$0.00,PCqAd0eMtb1YgW6nlsrVONxeV,a8PKaa4P87ekqbsfzYWlwvMF,CSSU's iPad,"",http://squareup.com/dashboard/sales/transactions/PCqAd0eMtb1YgW6nlsrVONxeV/by-unit/4YJMFSNQWK476,Payment,CSSU (charity),"",9AEKKPWTNN0SEH5N38BNFBGZ0R,A Salamea Espinoza,""
10/27/17,13:50:21,Eastern Time (US & Canada),None,Ice Cream Sandwich,1.0,Chocolate,"","",$0.50,$0.00,$0.50,$0.00,htDWmYzdIIC8C6Dm04H3sq7eV,7aBV68KpPLYk2xvzsbfWLQB,CSSU's iPad,"",http://squareup.com/dashboard/sales/transactions/htDWmYzdIIC8C6Dm04H3sq7eV/by-unit/4YJMFSNQWK476,Payment,CSSU (charity),"","","",""
10/26/17,20:09:22,Eastern Time (US & Canada),Drinks,Coke,1.0,"Classic, 355ml","","",$0.75,$0.00,$0.75,$0.00,PMZTuvtOFxLhM6rW0kIhf0keV,wrL3QMVJZKQ6G4zgfIr6SyMF,CSSU's iPad,"",http://squareup.com/dashboard/sales/transactions/PMZTuvtOFxLhM6rW0kIhf0keV/by-unit/4YJMFSNQWK476,Payment,CSSU (charity),"",EQPSG78MB10WCRRZK8NGPDCJTM,Kyle Zhou,""
10/26/17,20:09:22,Eastern Time (US & Canada),None,Ice Cream Sandwich,2.0,Chocolate,"","",$1.00,$0.00,$1.00,$0.00,PMZTuvtOFxLhM6rW0kIhf0keV,wrL3QMVJZKQ6G4zgfIr6SyMF,CSSU's iPad,"",http://squareup.com/dashboard/sales/transactions/PMZTuvtOFxLhM6rW0kIhf0keV/by-unit/4YJMFSNQWK476,Payment,CSSU (charity),"",EQPSG78MB10WCRRZK8NGPDCJTM,Kyle Zhou,""
10/26/17,17:04:30,Eastern Time (US & Canada),None,Ice Cream Sandwich,1.0,Vanilla,"","",$0.50,$0.00,$0.50,$0.00,DgqBEFIUGSAZPlpCM8FkAhjeV,z44SFRTckTJxdEQM8uE3KQB,CSSU's iPad,"",http://squareup.com/dashboard/sales/transactions/DgqBEFIUGSAZPlpCM8FkAhjeV/by-unit/4YJMFSNQWK476,Payment,CSSU (charity),"","","",""
10/26/17,16:34:06,Eastern Time (US & Canada),None,Ice Cream Sandwich,1.0,Vanilla,"","",$0.50,$0.00,$0.50,$0.00,v09BJqM09DwJJZNnaH2BIcreV,Hyka2aoUdwxFAbmGh5snKQB,CSSU's iPad,"",http://squareup.com/dashboard/sales/transactions/v09BJqM09DwJJZNnaH2BIcreV/by-unit/4YJMFSNQWK476,Payment,CSSU (charity),"","","",""
10/26/17,16:08:48,Eastern Time (US & Canada),None,Ice Cream Sandwich,2.0,Chocolate,"","",$1.00,$0.00,$1.00,$0.00,7oUb05gzGwrWFXzTSqJ1RteeV,tBGKvpUUEtyTO7tY76ZPLQB,CSSU's iPad,"",http://squareup.com/dashboard/sales/transactions/7oUb05gzGwrWFXzTSqJ1RteeV/by-unit/4YJMFSNQWK476,Payment,CSSU (charity),"","","",""
10/26/17,15:49:57,Eastern Time (US & Canada),None,Ice Cream Sandwich,1.0,Vanilla,"","",$0.50,$0.00,$0.50,$0.00,vEfc6V5KXWYzGmnI9dAxe9neV,28ySqUcOXPJ5xgyqpn4yFuMF,CSSU's iPad,"",http://squareup.com/dashboard/sales/transactions/vEfc6V5KXWYzGmnI9dAxe9neV/by-unit/4YJMFSNQWK476,Payment,CSSU (charity),"",87K6KBR0913DAX21CZK1QPMTTM,Xinyi Gong,""
10/26/17,15:49:57,Eastern Time (US & Canada),Clif,Protein ,1.0,Regular,"","",$2.25,$0.00,$2.25,$0.00,vEfc6V5KXWYzGmnI9dAxe9neV,28ySqUcOXPJ5xgyqpn4yFuMF,CSSU's iPad,"",http://squareup.com/dashboard/sales/transactions/vEfc6V5KXWYzGmnI9dAxe9neV/by-unit/4YJMFSNQWK476,Payment,CSSU (charity),"",87K6KBR0913DAX21CZK1QPMTTM,Xinyi Gong,""
10/26/17,15:18:24,Eastern Time (US & Canada),Drinks,Arizona,1.0,"Regular Price, 500ml","","",$1.25,$0.00,$1.25,$0.00,TUENj4dURpWXtQXUZSy29B8eV,v8z2XMFaMfkmtUetBoqoKQB,CSSU's iPad,"",http://squareup.com/dashboard/sales/transactions/TUENj4dURpWXtQXUZSy29B8eV/by-unit/4YJMFSNQWK476,Payment,CSSU (charity),"","","",""
10/26/17,15:18:24,Eastern Time (US & Canada),None,Ice Cream Sandwich,1.0,Vanilla,"","",$0.50,$0.00,$0.50,$0.00,TUENj4dURpWXtQXUZSy29B8eV,v8z2XMFaMfkmtUetBoqoKQB,CSSU's iPad,"",http://squareup.com/dashboard/sales/transactions/TUENj4dURpWXtQXUZSy29B8eV/by-unit/4YJMFSNQWK476,Payment,CSSU (charity),"","","",""
10/26/17,15:17:56,Eastern Time (US & Canada),None,Ice Cream Sandwich,1.0,Chocolate,"","",$0.50,$0.00,$0.50,$0.00,Hi0Kq3ktApLQOml1KDciUZqeV,vIfbWB2BtWqRiI7Ltf7OKQB,CSSU's iPad,"",http://squareup.com/dashboard/sales/transactions/Hi0Kq3ktApLQOml1KDciUZqeV/by-unit/4YJMFSNQWK476,Payment,CSSU (charity),"","","",""
10/26/17,15:08:14,Eastern Time (US & Canada),None,Ice Cream Sandwich,1.0,Vanilla,"","",$0.50,$0.00,$0.50,$0.00,bwgFBfLOMWKx8o23dsxZrWteV,FHLAYL0ULNQSIHyuTWslKQB,CSSU's iPad,"",http://squareup.com/dashboard/sales/transactions/bwgFBfLOMWKx8o23dsxZrWteV/by-unit/4YJMFSNQWK476,Payment,CSSU (charity),"","","",""
10/26/17,14:19:38,Eastern Time (US & Canada),None,Ice Cream Sandwich,1.0,Chocolate,"","",$0.50,$0.00,$0.50,$0.00,Xq6zhZy0jtGaBO07wuM04HAfV,7Y0tpooOCy2aR5mpppCZKQB,CSSU's iPad,"",http://squareup.com/dashboard/sales/transactions/Xq6zhZy0jtGaBO07wuM04HAfV/by-unit/4YJMFSNQWK476,Payment,CSSU (charity),"","","",""
10/26/17,14:10:47,Eastern Time (US & Canada),None,Ice Cream Sandwich,4.0,Vanilla,"","",$2.00,$0.00,$2.00,$0.00,xV9jyKiFWij10RGgkbBA2i3eV,9r4iVCcJ29EEOgZd18ontxMF,CSSU's iPad,"",http://squareup.com/dashboard/sales/transactions/xV9jyKiFWij10RGgkbBA2i3eV/by-unit/4YJMFSNQWK476,Payment,CSSU (charity),"",VHKTAPN23H3Q6R3DYZEPW06B64,Neel Shah,""
10/26/17,01:34:03,Eastern Time (US & Canada),None,Ice Cream Sandwich,1.0,Vanilla,"","",$0.50,$0.00,$0.50,$0.00,5zkihvlntF6TlOO68Vba5EAfV,ADLAelG9W0Q08RliO0DWhwMF,CSSU's iPad,"",http://squareup.com/dashboard/sales/transactions/5zkihvlntF6TlOO68Vba5EAfV/by-unit/4YJMFSNQWK476,Payment,CSSU (charity),"",45E1Y94GSS2BPTKSGQ0V2C8HVC,Som Mathur,""
10/26/17,01:34:03,Eastern Time (US & Canada),None,Custom Amount,1.0,"","","",$0.50,$0.00,$0.50,$0.00,5zkihvlntF6TlOO68Vba5EAfV,ADLAelG9W0Q08RliO0DWhwMF,CSSU's iPad,"",http://squareup.com/dashboard/sales/transactions/5zkihvlntF6TlOO68Vba5EAfV/by-unit/4YJMFSNQWK476,Payment,CSSU (charity),"",45E1Y94GSS2BPTKSGQ0V2C8HVC,Som Mathur,""
10/26/17,00:37:08,Eastern Time (US & Canada),None,Ice Cream Sandwich,4.0,Chocolate,"","",$2.00,$0.00,$2.00,$0.00,hfGZZSb4vZzXDM4QnVMb9x3eV,ZlJ8ttugiB88Ufpuymu4JQB,CSSU's iPad,"",http://squareup.com/dashboard/sales/transactions/hfGZZSb4vZzXDM4QnVMb9x3eV/by-unit/4YJMFSNQWK476,Payment,CSSU (charity),"","","",""
10/26/17,00:22:56,Eastern Time (US & Canada),None,Ice Cream Sandwich,1.0,Vanilla,"","",$0.50,$0.00,$0.50,$0.00,JfwJ8yAthmavvnHxidANn9neV,pJj4qa2w2BUixsdqTCzHKQB,CSSU's iPad,"",http://squareup.com/dashboard/sales/transactions/JfwJ8yAthmavvnHxidANn9neV/by-unit/4YJMFSNQWK476,Payment,CSSU (charity),"","","",""
10/25/17,22:46:51,Eastern Time (US & Canada),None,Ice Cream Sandwich,1.0,Vanilla,"","",$0.50,$0.00,$0.50,$0.00,NdG1STPga2ve4NTUWbwgTY9eV,dJCk7bm8YUpZkbz5506UKQB,CSSU's iPad,"",http://squareup.com/dashboard/sales/transactions/NdG1STPga2ve4NTUWbwgTY9eV/by-unit/4YJMFSNQWK476,Payment,CSSU (charity),"","","",""
10/25/17,22:20:10,Eastern Time (US & Canada),None,Ice Cream Sandwich,1.0,Vanilla,"","",$0.50,$0.00,$0.50,$0.00,xhDRPFs8AZWE4r6v0ULqPwveV,bS3wvgF6zOAFX05ndhHjLQB,CSSU's iPad,"",http://squareup.com/dashboard/sales/transactions/xhDRPFs8AZWE4r6v0ULqPwveV/by-unit/4YJMFSNQWK476,Payment,CSSU (charity),"","","",""
10/25/17,21:04:13,Eastern Time (US & Canada),None,Ice Cream Sandwich,1.0,Chocolate,"","",$0.50,$0.00,$0.50,$0.00,tLZ7e8DJHMOWjMcJJJ7tewjeV,WSxlmkkDnJl9JezMdrNFozMF,CSSU's iPad,"",http://squareup.com/dashboard/sales/transactions/tLZ7e8DJHMOWjMcJJJ7tewjeV/by-unit/4YJMFSNQWK476,Payment,CSSU (charity),"",45E1Y94GSS2BPTKSGQ0V2C8HVC,Som Mathur,""
10/25/17,21:04:13,Eastern Time (US & Canada),None,Ice Cream Sandwich,1.0,Chocolate,"","",$0.50,$0.00,$0.50,$0.00,tLZ7e8DJHMOWjMcJJJ7tewjeV,WSxlmkkDnJl9JezMdrNFozMF,CSSU's iPad,"",http://squareup.com/dashboard/sales/transactions/tLZ7e8DJHMOWjMcJJJ7tewjeV/by-unit/4YJMFSNQWK476,Payment,CSSU (charity),"",45E1Y94GSS2BPTKSGQ0V2C8HVC,Som Mathur,""
10/25/17,20:00:56,Eastern Time (US & Canada),None,Ice Cream Sandwich,2.0,Vanilla,"","",$1.00,$0.00,$1.00,$0.00,5FbNlEj289W3WeUKd7HmHQfeV,zWdZtU6e2LhH1WoN3ZveKQB,CSSU's iPad,"",http://squareup.com/dashboard/sales/transactions/5FbNlEj289W3WeUKd7HmHQfeV/by-unit/4YJMFSNQWK476,Payment,CSSU (charity),"","","",""
10/25/17,19:30:54,Eastern Time (US & Canada),None,Ice Cream Sandwich,1.0,Vanilla,"","",$0.50,$0.00,$0.50,$0.00,5dHjSVNKKOqNO0IA0h5goyjeV,Rlfml1IGZspmpPvvl9FVKQB,CSSU's iPad,"",http://squareup.com/dashboard/sales/transactions/5dHjSVNKKOqNO0IA0h5goyjeV/by-unit/4YJMFSNQWK476,Payment,CSSU (charity),"","","",""
10/25/17,18:18:06,Eastern Time (US & Canada),None,Ice Cream Sandwich,1.0,Vanilla,"","",$0.50,$0.00,$0.50,$0.00,n8N4eQI4Ht9rnpb3Ivtl844eV,tDrgxftmKWUviy9YB2itKQB,CSSU's iPad,"",http://squareup.com/dashboard/sales/transactions/n8N4eQI4Ht9rnpb3Ivtl844eV/by-unit/4YJMFSNQWK476,Payment,CSSU (charity),"","","",""
10/25/17,18:13:41,Eastern Time (US & Canada),None,Ice Cream Sandwich,2.0,Vanilla,"","",$1.00,$0.00,$1.00,$0.00,F3BDmhUHIVm3jxEAZ4FJHGmeV,FbH5kLTNj63hXGgbDedIKQB,CSSU's iPad,"",http://squareup.com/dashboard/sales/transactions/F3BDmhUHIVm3jxEAZ4FJHGmeV/by-unit/4YJMFSNQWK476,Payment,CSSU (charity),"","","",""
10/25/17,18:11:11,Eastern Time (US & Canada),None,Ice Cream Sandwich,3.0,Chocolate Chip,"","",$1.50,$0.00,$1.50,$0.00,htlpxDy1wzrVzmw3nNEyOI2eV,9d0cTPQdlDshA7kuvgWTLQB,CSSU's iPad,"",http://squareup.com/dashboard/sales/transactions/htlpxDy1wzrVzmw3nNEyOI2eV/by-unit/4YJMFSNQWK476,Payment,CSSU (charity),"","","",""
10/25/17,18:09:00,Eastern Time (US & Canada),None,Ice Cream Sandwich,1.0,Vanilla,"","",$0.50,$0.00,$0.50,$0.00,NxwFAUKbLX34takcXTZTv8ueV,lZYKGLZv1UR8x8kHxuhJKQB,CSSU's iPad,"",http://squareup.com/dashboard/sales/transactions/NxwFAUKbLX34takcXTZTv8ueV/by-unit/4YJMFSNQWK476,Payment,CSSU (charity),"","","",""
10/25/17,17:29:26,Eastern Time (US & Canada),None,Ice Cream Sandwich,1.0,Vanilla,"","",$0.50,$0.00,$0.50,$0.00,JPcRLcff36HGvRTb6eVsDIweV,FBihc44FAMae3EXJXlkMLQB,CSSU's iPad,"",http://squareup.com/dashboard/sales/transactions/JPcRLcff36HGvRTb6eVsDIweV/by-unit/4YJMFSNQWK476,Payment,CSSU (charity),"","","",""
10/25/17,17:27:15,Eastern Time (US & Canada),None,Ice Cream Sandwich,1.0,Vanilla,"","",$0.50,$0.00,$0.50,$0.00,Xmu6DnwHPOr9wjF7xApW0GveV,riLWeKmCnEIBQ4R2Ni78JQB,CSSU's iPad,"",http://squareup.com/dashboard/sales/transactions/Xmu6DnwHPOr9wjF7xApW0GveV/by-unit/4YJMFSNQWK476,Payment,CSSU (charity),"","","",""
10/25/17,17:13:10,Eastern Time (US & Canada),None,Ice Cream Sandwich,1.0,Vanilla,"","",$0.50,$0.00,$0.50,$0.00,D6TbgihxGI6xwS2Oaw5JLyueV,tjnGnQAz8mTRDqltHyQrKQB,CSSU's iPad,"",http://squareup.com/dashboard/sales/transactions/D6TbgihxGI6xwS2Oaw5JLyueV/by-unit/4YJMFSNQWK476,Payment,CSSU (charity),"","","",""
10/25/17,17:13:10,Eastern Time (US & Canada),None,Ice Cream Sandwich,1.0,Chocolate,"","",$0.50,$0.00,$0.50,$0.00,D6TbgihxGI6xwS2Oaw5JLyueV,tjnGnQAz8mTRDqltHyQrKQB,CSSU's iPad,"",http://squareup.com/dashboard/sales/transactions/D6TbgihxGI6xwS2Oaw5JLyueV/by-unit/4YJMFSNQWK476,Payment,CSSU (charity),"","","",""
10/25/17,17:13:10,Eastern Time (US & Canada),None,Ice Cream Sandwich,1.0,Chocolate Chip,"","",$0.50,$0.00,$0.50,$0.00,D6TbgihxGI6xwS2Oaw5JLyueV,tjnGnQAz8mTRDqltHyQrKQB,CSSU's iPad,"",http://squareup.com/dashboard/sales/transactions/D6TbgihxGI6xwS2Oaw5JLyueV/by-unit/4YJMFSNQWK476,Payment,CSSU (charity),"","","",""
10/25/17,17:13:10,Eastern Time (US & Canada),None,Mini Chips,1.0,Regular,"","",$0.50,$0.00,$0.50,$0.00,D6TbgihxGI6xwS2Oaw5JLyueV,tjnGnQAz8mTRDqltHyQrKQB,CSSU's iPad,"",http://squareup.com/dashboard/sales/transactions/D6TbgihxGI6xwS2Oaw5JLyueV/by-unit/4YJMFSNQWK476,Payment,CSSU (charity),"","","",""
10/25/17,16:30:40,Eastern Time (US & Canada),None,Ice Cream Sandwich,1.0,Chocolate,"","",$0.50,$0.00,$0.50,$0.00,X0bnw1pzcWwGW6yh8Z67H24eV,RP8GH5rdpLGGSs5RlKafKQB,CSSU's iPad,"",http://squareup.com/dashboard/sales/transactions/X0bnw1pzcWwGW6yh8Z67H24eV/by-unit/4YJMFSNQWK476,Payment,CSSU (charity),"","","",""
10/25/17,15:27:30,Eastern Time (US & Canada),None,Ice Cream Sandwich,1.0,Chocolate,"","",$0.50,$0.00,$0.50,$0.00,1dQxT9YBLKneQDF8OeAxdj4eV,z4qfNuCoDO6UQDaiJqGgLQB,CSSU's iPad,"",http://squareup.com/dashboard/sales/transactions/1dQxT9YBLKneQDF8OeAxdj4eV/by-unit/4YJMFSNQWK476,Payment,CSSU (charity),"","","",""
10/25/17,15:20:16,Eastern Time (US & Canada),None,Ice Cream Sandwich,1.0,Chocolate Chip,"","",$0.50,$0.00,$0.50,$0.00,hhHb2I5UhZEc6t9F2Ji2iW5eV,LoysIJcFOLjcm9FqrTykLQB,CSSU's iPad,"",http://squareup.com/dashboard/sales/transactions/hhHb2I5UhZEc6t9F2Ji2iW5eV/by-unit/4YJMFSNQWK476,Payment,CSSU (charity),"","","",""
10/25/17,15:17:47,Eastern Time (US & Canada),None,Ice Cream Sandwich,1.0,Chocolate Chip,"","",$0.50,$0.00,$0.50,$0.00,ZFPlUJCguacjK6QfsHYeti4eV,R7ysaXcn7TvhGDkT48nqKQB,CSSU's iPad,"",http://squareup.com/dashboard/sales/transactions/ZFPlUJCguacjK6QfsHYeti4eV/by-unit/4YJMFSNQWK476,Payment,CSSU (charity),"","","",""
10/25/17,15:04:45,Eastern Time (US & Canada),None,Ice Cream Sandwich,2.0,Chocolate,"","",$1.00,$0.00,$1.00,$0.00,RhXvpalZ89539q4hzQQor0weV,1OCZgcRB0tmnWtIXbfT0JwMF,CSSU's iPad,"",http://squareup.com/dashboard/sales/transactions/RhXvpalZ89539q4hzQQor0weV/by-unit/4YJMFSNQWK476,Payment,CSSU (charity),"",3A804AH3251RYTCHBTRPVZG0W8,Yifan Xu,""
10/25/17,14:53:50,Eastern Time (US & Canada),None,Ice Cream Sandwich,3.0,Vanilla,"","",$1.50,$0.00,$1.50,$0.00,ZBtFqq1F8g8tfwVkEvofmm1eV,J1ZO9LZZ7LlyoGUUjiG7KQB,CSSU's iPad,"",http://squareup.com/dashboard/sales/transactions/ZBtFqq1F8g8tfwVkEvofmm1eV/by-unit/4YJMFSNQWK476,Payment,CSSU (charity),"","","",""
10/25/17,14:27:24,Eastern Time (US & Canada),None,Ice Cream Sandwich,2.0,Vanilla,"","",$1.00,$0.00,$1.00,$0.00,93B0lAXQSjXEmVYKLuE03L3eV,CcamO1GvYxTQPSWtQL4EszMF,CSSU's iPad,"",http://squareup.com/dashboard/sales/transactions/93B0lAXQSjXEmVYKLuE03L3eV/by-unit/4YJMFSNQWK476,Payment,CSSU (charity),"",E6WW3XR6G51KRNVREPF1FZP9JW,Runzhao.mr Zeng,""
10/25/17,11:37:58,Eastern Time (US & Canada),None,Ice Cream Sandwich,1.0,Chocolate Chip,"","",$0.50,$0.00,$0.50,$0.00,pfwrNbcpll8qoOPpbR1IAQoeV,nEr9KIU9nhws254fZbIvJQB,CSSU's iPad,"",http://squareup.com/dashboard/sales/transactions/pfwrNbcpll8qoOPpbR1IAQoeV/by-unit/4YJMFSNQWK476,Payment,CSSU (charity),"","","",""
10/25/17,11:08:45,Eastern Time (US & Canada),None,Ice Cream Sandwich,3.0,Chocolate Chip,"","",$1.50,$0.00,$1.50,$0.00,fSSkUXivKGg65SIQF9hRUIqeV,vkhv7nRmhDXbPqdrwsV4JQB,CSSU's iPad,"",http://squareup.com/dashboard/sales/transactions/fSSkUXivKGg65SIQF9hRUIqeV/by-unit/4YJMFSNQWK476,Payment,CSSU (charity),"","","",""
10/24/17,20:51:26,Eastern Time (US & Canada),Drinks,Coke,1.0,"Classic, 355ml","","",$0.75,$0.00,$0.75,$0.00,z8s98YLIdTQjizhuVqmwtI5eV,eEZkuud76WI35ZS93xUcgzMF,CSSU's iPad,"",http://squareup.com/dashboard/sales/transactions/z8s98YLIdTQjizhuVqmwtI5eV/by-unit/4YJMFSNQWK476,Payment,CSSU (charity),"",DBFEJP67RD7W0V62YRJW7WH8VR,Ruo Lin,""
10/24/17,20:51:26,Eastern Time (US & Canada),None,Ice Cream Sandwich,1.0,Vanilla,"","",$0.50,$0.00,$0.50,$0.00,z8s98YLIdTQjizhuVqmwtI5eV,eEZkuud76WI35ZS93xUcgzMF,CSSU's iPad,"",http://squareup.com/dashboard/sales/transactions/z8s98YLIdTQjizhuVqmwtI5eV/by-unit/4YJMFSNQWK476,Payment,CSSU (charity),"",DBFEJP67RD7W0V62YRJW7WH8VR,Ruo Lin,""
10/24/17,18:00:12,Eastern Time (US & Canada),None,Ice Cream Sandwich,2.0,Vanilla,"","",$1.00,$0.00,$1.00,$0.00,XEX5a0NmgqfMuYo79mMv2I0eV,DYKb4pkxHrWEfgp7tvVZjuMF,CSSU's iPad,"",http://squareup.com/dashboard/sales/transactions/XEX5a0NmgqfMuYo79mMv2I0eV/by-unit/4YJMFSNQWK476,Payment,CSSU (charity),"",9AEKKPWTNN0SEH5N38BNFBGZ0R,A Salamea Espinoza,""
10/24/17,15:42:29,Eastern Time (US & Canada),None,Ice Cream Sandwich,1.0,Chocolate Chip,"","",$0.50,$0.00,$0.50,$0.00,ja5ScA2OncTMRFIHvdJSZDxeV,R134iFY3WGMgvR0hR3xYKQB,CSSU's iPad,"",http://squareup.com/dashboard/sales/transactions/ja5ScA2OncTMRFIHvdJSZDxeV/by-unit/4YJMFSNQWK476,Payment,CSSU (charity),"","","",""
10/24/17,15:12:56,Eastern Time (US & Canada),None,Ice Cream Sandwich,2.0,Vanilla,"","",$1.00,$0.00,$1.00,$0.00,LAiOOiJ4mVclZNWU8niRopfeV,RnI4Mjh5tTHXTqCI0OGsKQB,CSSU's iPad,"",http://squareup.com/dashboard/sales/transactions/LAiOOiJ4mVclZNWU8niRopfeV/by-unit/4YJMFSNQWK476,Payment,CSSU (charity),"","","",""
10/24/17,14:12:42,Eastern Time (US & Canada),None,Ice Cream Sandwich,2.0,Vanilla,"","",$1.00,$0.00,$1.00,$0.00,Rnez6AAcItK7kBDSQYHFFdoeV,xhXBwQ4p4g2pR0WqpxQ1KQB,CSSU's iPad,"",http://squareup.com/dashboard/sales/transactions/Rnez6AAcItK7kBDSQYHFFdoeV/by-unit/4YJMFSNQWK476,Payment,CSSU (charity),"","","",""
10/24/17,14:02:15,Eastern Time (US & Canada),None,Ice Cream Sandwich,3.0,Chocolate Chip,"","",$1.50,$0.00,$1.50,$0.00,ldOEsqn32SBRoYFySzm6oQueV,nSuRNQotbGxWwZl6CuxfKQB,CSSU's iPad,"",http://squareup.com/dashboard/sales/transactions/ldOEsqn32SBRoYFySzm6oQueV/by-unit/4YJMFSNQWK476,Payment,CSSU (charity),"","","",""
10/24/17,12:37:44,Eastern Time (US & Canada),None,Ice Cream Sandwich,2.0,Vanilla,"","",$1.00,$0.00,$1.00,$0.00,JraFbFVctV8EkVMaMfiT4jheV,lZ0gsmOvfOivTZNEEw1KKQB,CSSU's iPad,"",http://squareup.com/dashboard/sales/transactions/JraFbFVctV8EkVMaMfiT4jheV/by-unit/4YJMFSNQWK476,Payment,CSSU (charity),"","","",""
10/24/17,12:02:57,Eastern Time (US & Canada),None,Ice Cream Sandwich,2.0,Vanilla,"","",$1.00,$0.00,$1.00,$0.00,JVh6xPAsDaw5h6Uv3F3CgWqeV,ScZvWq0nBe1ZIJpGhDVKyvMF,CSSU's iPad,"",http://squareup.com/dashboard/sales/transactions/JVh6xPAsDaw5h6Uv3F3CgWqeV/by-unit/4YJMFSNQWK476,Payment,CSSU (charity),"",E6WW3XR6G51KRNVREPF1FZP9JW,Runzhao.mr Zeng,""
10/24/17,11:34:37,Eastern Time (US & Canada),None,Ice Cream Sandwich,1.0,Chocolate,"","",$0.50,$0.00,$0.50,$0.00,VdOK4GH9M7h1AdAQVyvgJvqeV,5nGyLdFXQuVBXRznVQAMLQB,CSSU's iPad,"",http://squareup.com/dashboard/sales/transactions/VdOK4GH9M7h1AdAQVyvgJvqeV/by-unit/4YJMFSNQWK476,Payment,CSSU (charity),"","","",""
10/23/17,21:05:13,Eastern Time (US & Canada),None,Ice Cream Sandwich,1.0,Chocolate Chip,"","",$0.50,$0.00,$0.50,$0.00,pF1YJW5lB4I51uGIS80LF59eV,vq0Rov34ba5d9VDWxIMTKQB,CSSU's iPad,"",http://squareup.com/dashboard/sales/transactions/pF1YJW5lB4I51uGIS80LF59eV/by-unit/4YJMFSNQWK476,Payment,CSSU (charity),"","","",""
10/23/17,19:32:58,Eastern Time (US & Canada),None,Ice Cream Sandwich,1.0,Vanilla,"","",$0.50,$0.00,$0.50,$0.00,BPuP8zJB71MHOI9X439NepqeV,Tuz4wGy4B6G7MG9lLldiKQB,CSSU's iPad,"",http://squareup.com/dashboard/sales/transactions/BPuP8zJB71MHOI9X439NepqeV/by-unit/4YJMFSNQWK476,Payment,CSSU (charity),"","","",""
10/23/17,19:21:52,Eastern Time (US & Canada),None,Ice Cream Sandwich,2.0,Chocolate Chip,"","",$1.00,$0.00,$1.00,$0.00,HiaT32dwWn59sDRrnjGYzQueV,noz4o5lBz9e4NjJouthkKQB,CSSU's iPad,"",http://squareup.com/dashboard/sales/transactions/HiaT32dwWn59sDRrnjGYzQueV/by-unit/4YJMFSNQWK476,Payment,CSSU (charity),"","","",""
10/23/17,19:11:04,Eastern Time (US & Canada),None,Ice Cream Sandwich,1.0,Vanilla,"","",$0.50,$0.00,$0.50,$0.00,J7uNiymYAh2hUGBmXVrJNfseV,Rr68oQcGn2XZviTdhbqcLQB,CSSU's iPad,"",http://squareup.com/dashboard/sales/transactions/J7uNiymYAh2hUGBmXVrJNfseV/by-unit/4YJMFSNQWK476,Payment,CSSU (charity),"","","",""
10/23/17,18:19:57,Eastern Time (US & Canada),None,Ice Cream Sandwich,2.0,Chocolate Chip,"","",$1.00,$0.00,$1.00,$0.00,Rh3psxZNJPscON1Sb2ftVyeeV,HqSfo8iEfJpgH6OvLHslKQB,CSSU's iPad,"",http://squareup.com/dashboard/sales/transactions/Rh3psxZNJPscON1Sb2ftVyeeV/by-unit/4YJMFSNQWK476,Payment,CSSU (charity),"","","",""
10/23/17,17:06:33,Eastern Time (US & Canada),None,Ice Cream Sandwich,1.0,Chocolate Chip,"","",$0.50,$0.00,$0.50,$0.00,L4Wo58vBx8QQ9dZUDhDuxmxeV,pd1uxv94lfizCIqHrLnALQB,CSSU's iPad,"",http://squareup.com/dashboard/sales/transactions/L4Wo58vBx8QQ9dZUDhDuxmxeV/by-unit/4YJMFSNQWK476,Payment,CSSU (charity),"","","",""
10/23/17,16:35:37,Eastern Time (US & Canada),None,Ice Cream Sandwich,2.0,Vanilla,"","",$1.00,$0.00,$1.00,$0.00,pTKfD1wDsigx1fVDmHhYjWxeV,feo4sY8iNBeCLYrDU8HeKQB,CSSU's iPad,"",http://squareup.com/dashboard/sales/transactions/pTKfD1wDsigx1fVDmHhYjWxeV/by-unit/4YJMFSNQWK476,Payment,CSSU (charity),"","","",""
10/23/17,16:17:31,Eastern Time (US & Canada),None,Ice Cream Sandwich,2.0,Vanilla,"","",$1.00,$0.00,$1.00,$0.00,zaf1rgyxVNdfxKQo3gmJXPmeV,vOcsmy7r7wtGjjkLzwtNLQB,CSSU's iPad,"",http://squareup.com/dashboard/sales/transactions/zaf1rgyxVNdfxKQo3gmJXPmeV/by-unit/4YJMFSNQWK476,Payment,CSSU (charity),"","","",""
10/23/17,15:49:56,Eastern Time (US & Canada),None,Ice Cream Sandwich,2.0,Vanilla,"","",$1.00,$0.00,$1.00,$0.00,jk0R4hkBHoZ5UcnhsPmX8B9eV,t8cqVIQe7CVcrXrjcCCQBwMF,CSSU's iPad,"",http://squareup.com/dashboard/sales/transactions/jk0R4hkBHoZ5UcnhsPmX8B9eV/by-unit/4YJMFSNQWK476,Payment,CSSU (charity),"",A2RCYDN4D52F8SDVAYXKFNH93R,Abrar Hussain,""
10/23/17,15:19:37,Eastern Time (US & Canada),None,Ice Cream Sandwich,2.0,Chocolate Chip,"","",$1.00,$0.00,$1.00,$0.00,JBtpVGXsVK0fsQRbaQZH9M0eV,z4JnflobmUxVwAUa3Lu6QzMF,CSSU's iPad,"",http://squareup.com/dashboard/sales/transactions/JBtpVGXsVK0fsQRbaQZH9M0eV/by-unit/4YJMFSNQWK476,Payment,CSSU (charity),"",E6WW3XR6G51KRNVREPF1FZP9JW,Runzhao.mr Zeng,""
10/23/17,14:53:25,Eastern Time (US & Canada),Drinks,Coke,1.0,"Classic, 355ml","","",$0.75,$0.00,$0.75,$0.00,dhwrMO4Buwf4r7GNv7Dwmw8eV,JMvb3H59ZqCmKcBHP8Z38wMF,CSSU's iPad,"",http://squareup.com/dashboard/sales/transactions/dhwrMO4Buwf4r7GNv7Dwmw8eV/by-unit/4YJMFSNQWK476,Payment,CSSU (charity),"",WZNXYAAZ0X552SP8W8G3RMJV44,Go Muramatsu,""
10/23/17,14:53:25,Eastern Time (US & Canada),None,Ice Cream Sandwich,1.0,Vanilla,"","",$0.50,$0.00,$0.50,$0.00,dhwrMO4Buwf4r7GNv7Dwmw8eV,JMvb3H59ZqCmKcBHP8Z38wMF,CSSU's iPad,"",http://squareup.com/dashboard/sales/transactions/dhwrMO4Buwf4r7GNv7Dwmw8eV/by-unit/4YJMFSNQWK476,Payment,CSSU (charity),"",WZNXYAAZ0X552SP8W8G3RMJV44,Go Muramatsu,""
10/23/17,13:21:34,Eastern Time (US & Canada),None,Ice Cream Sandwich,2.0,Chocolate,"","",$1.00,$0.00,$1.00,$0.00,5VtWTYaI4UhEqrGfi7uScR5eV,fJkyS7eLBAXK2P20JN52TwMF,CSSU's iPad,"",http://squareup.com/dashboard/sales/transactions/5VtWTYaI4UhEqrGfi7uScR5eV/by-unit/4YJMFSNQWK476,Payment,CSSU (charity),"",3A804AH3251RYTCHBTRPVZG0W8,Yifan Xu,""
10/23/17,13:20:55,Eastern Time (US & Canada),None,Ice Cream Sandwich,1.0,Vanilla,"","",$0.50,$0.00,$0.50,$0.00,7kmhAafUpPDh2nN8lRrmlJ7eV,rgqm8D7D3ERDzTHRpE2qKQB,CSSU's iPad,"",http://squareup.com/dashboard/sales/transactions/7kmhAafUpPDh2nN8lRrmlJ7eV/by-unit/4YJMFSNQWK476,Payment,CSSU (charity),"","","",""
10/23/17,12:28:25,Eastern Time (US & Canada),None,Ice Cream Sandwich,2.0,Fudgsicle,"","",$1.00,$0.00,$1.00,$0.00,LM693HSEJPRqZNJMgEFQ3pAfV,H2weYs1McvogUjPTkCYglvMF,CSSU's iPad,"",http://squareup.com/dashboard/sales/transactions/LM693HSEJPRqZNJMgEFQ3pAfV/by-unit/4YJMFSNQWK476,Payment,CSSU (charity),"",733C269QRS6T6NYYF1VCA0NVW0,Hussain Kadhem,""
10/23/17,11:05:26,Eastern Time (US & Canada),None,Ice Cream Sandwich,1.0,Vanilla,"","",$0.50,$0.00,$0.50,$0.00,pPSsVgePbrSIMZv1tnT9tEqeV,zM8FsFcEDRxmr30QQ5MAKQB,CSSU's iPad,"",http://squareup.com/dashboard/sales/transactions/pPSsVgePbrSIMZv1tnT9tEqeV/by-unit/4YJMFSNQWK476,Payment,CSSU (charity),"","","",""
10/22/17,22:56:39,Eastern Time (US & Canada),None,Ice Cream Sandwich,2.0,Vanilla,"","",$1.00,$0.00,$1.00,$0.00,3sRCv2DWrzW7Jj46bzv5xz3eV,evJJgRZmmx8AQ6GNQ4JauzMF,CSSU's iPad,"",http://squareup.com/dashboard/sales/transactions/3sRCv2DWrzW7Jj46bzv5xz3eV/by-unit/4YJMFSNQWK476,Payment,CSSU (charity),"","","",""
10/22/17,16:35:37,Eastern Time (US & Canada),None,Ice Cream Sandwich,2.0,Vanilla,"","",$1.00,$0.00,$1.00,$0.00,zYGVJoiRvzBbLeyPQDrasZ4eV,55RDtOJJKSDcDvCsXHLOKQB,CSSU's iPad,"",http://squareup.com/dashboard/sales/transactions/zYGVJoiRvzBbLeyPQDrasZ4eV/by-unit/4YJMFSNQWK476,Payment,CSSU (charity),"","","",""
10/20/17,23:38:42,Eastern Time (US & Canada),None,Ice Cream Sandwich,2.0,Vanilla,"","",$1.00,$0.00,$1.00,$0.00,dTfOQmir63Z04tm5hsFwSU7eV,83JW7V1Ikkg0gurgIVu00yMF,CSSU's iPad,"",http://squareup.com/dashboard/sales/transactions/dTfOQmir63Z04tm5hsFwSU7eV/by-unit/4YJMFSNQWK476,Payment,CSSU (charity),"",87K6KBR0913DAX21CZK1QPMTTM,Xinyi Gong,""
10/20/17,19:37:48,Eastern Time (US & Canada),None,Ice Cream Sandwich,1.0,Vanilla,"","",$0.50,$0.00,$0.50,$0.00,PwbnQrElKVzewL20f2WO888eV,fILxZkzxr3igNuuMfBMqKQB,CSSU's iPad,"",http://squareup.com/dashboard/sales/transactions/PwbnQrElKVzewL20f2WO888eV/by-unit/4YJMFSNQWK476,Payment,CSSU (charity),"","","",""
10/20/17,19:26:41,Eastern Time (US & Canada),None,Mini Chips,2.0,Regular,"","",$1.00,$0.00,$1.00,$0.00,DCpMOzpjM8qcUgW7ZFsuCCieV,B97mqpmbYWcRtb7WreiSKQB,CSSU's iPad,"",http://squareup.com/dashboard/sales/transactions/DCpMOzpjM8qcUgW7ZFsuCCieV/by-unit/4YJMFSNQWK476,Payment,CSSU (charity),"","","",""
10/20/17,19:26:41,Eastern Time (US & Canada),None,Ice Cream Sandwich,1.0,Vanilla,"","",$0.50,$0.00,$0.50,$0.00,DCpMOzpjM8qcUgW7ZFsuCCieV,B97mqpmbYWcRtb7WreiSKQB,CSSU's iPad,"",http://squareup.com/dashboard/sales/transactions/DCpMOzpjM8qcUgW7ZFsuCCieV/by-unit/4YJMFSNQWK476,Payment,CSSU (charity),"","","",""
10/20/17,16:31:32,Eastern Time (US & Canada),Chocolate ,Chocolates,1.0,M&M Almond,"","",$1.50,$0.00,$1.50,$0.00,HGG4R7OKR0QgJiPvZZtOwA1eV,8fMJ0Dqi5OVFGMqy0eZB2uMF,CSSU's iPad,"",http://squareup.com/dashboard/sales/transactions/HGG4R7OKR0QgJiPvZZtOwA1eV/by-unit/4YJMFSNQWK476,Payment,CSSU (charity),"",A2RCYDN4D52F8SDVAYXKFNH93R,Abrar Hussain,""
10/20/17,16:31:32,Eastern Time (US & Canada),None,Ice Cream Sandwich,1.0,Vanilla,"","",$0.50,$0.00,$0.50,$0.00,HGG4R7OKR0QgJiPvZZtOwA1eV,8fMJ0Dqi5OVFGMqy0eZB2uMF,CSSU's iPad,"",http://squareup.com/dashboard/sales/transactions/HGG4R7OKR0QgJiPvZZtOwA1eV/by-unit/4YJMFSNQWK476,Payment,CSSU (charity),"",A2RCYDN4D52F8SDVAYXKFNH93R,Abrar Hussain,""
10/20/17,16:11:12,Eastern Time (US & Canada),None,Ice Cream Sandwich,1.0,Vanilla,"","",$0.50,$0.00,$0.50,$0.00,xHSbz6nMJHNtwJTYzghID34eV,5fs5ecGd2thyXvIjScGkLQB,CSSU's iPad,"",http://squareup.com/dashboard/sales/transactions/xHSbz6nMJHNtwJTYzghID34eV/by-unit/4YJMFSNQWK476,Payment,CSSU (charity),"","","",""
10/20/17,16:11:12,Eastern Time (US & Canada),None,Ice Cream Sandwich,1.0,Chocolate,"","",$0.50,$0.00,$0.50,$0.00,xHSbz6nMJHNtwJTYzghID34eV,5fs5ecGd2thyXvIjScGkLQB,CSSU's iPad,"",http://squareup.com/dashboard/sales/transactions/xHSbz6nMJHNtwJTYzghID34eV/by-unit/4YJMFSNQWK476,Payment,CSSU (charity),"","","",""
10/20/17,16:11:12,Eastern Time (US & Canada),Drinks,Coke,1.0,"Classic, 355ml","","",$0.75,$0.00,$0.75,$0.00,xHSbz6nMJHNtwJTYzghID34eV,5fs5ecGd2thyXvIjScGkLQB,CSSU's iPad,"",http://squareup.com/dashboard/sales/transactions/xHSbz6nMJHNtwJTYzghID34eV/by-unit/4YJMFSNQWK476,Payment,CSSU (charity),"","","",""
10/20/17,15:25:37,Eastern Time (US & Canada),None,Ice Cream Sandwich,3.0,Vanilla,"","",$1.50,$0.00,$1.50,$0.00,dFEyreB2vD0dTRU4aYtJcDueV,ruRGi2pEtv0kZTDNhjpkLQB,CSSU's iPad,"",http://squareup.com/dashboard/sales/transactions/dFEyreB2vD0dTRU4aYtJcDueV/by-unit/4YJMFSNQWK476,Payment,CSSU (charity),"","","",""
10/20/17,15:01:25,Eastern Time (US & Canada),None,Ice Cream Sandwich,1.0,Vanilla,"","",$0.50,$0.00,$0.50,$0.00,jKJCOmBq61EH7ye9msirvIleV,jokuDDH9HneAaX3CF1ZFKQB,CSSU's iPad,"",http://squareup.com/dashboard/sales/transactions/jKJCOmBq61EH7ye9msirvIleV/by-unit/4YJMFSNQWK476,Payment,CSSU (charity),"","","",""
10/20/17,14:23:34,Eastern Time (US & Canada),None,Ice Cream Sandwich,1.0,Chocolate,"","",$0.50,$0.00,$0.50,$0.00,9dsI77mrHCNLD1hKt93UInpeV,bqB1gj1hYdvClLgI2qgiKQB,CSSU's iPad,"",http://squareup.com/dashboard/sales/transactions/9dsI77mrHCNLD1hKt93UInpeV/by-unit/4YJMFSNQWK476,Payment,CSSU (charity),"","","",""
10/20/17,14:23:11,Eastern Time (US & Canada),None,Ice Cream Sandwich,1.0,Chocolate,"","",$0.50,$0.00,$0.50,$0.00,zWtptOCFF0ERkfO6jQXK9zjeV,L2lay80Hsm17TkI98BZxJQB,CSSU's iPad,"",http://squareup.com/dashboard/sales/transactions/zWtptOCFF0ERkfO6jQXK9zjeV/by-unit/4YJMFSNQWK476,Payment,CSSU (charity),"","","",""
10/20/17,14:22:40,Eastern Time (US & Canada),None,Ice Cream Sandwich,1.0,Vanilla,"","",$0.50,$0.00,$0.50,$0.00,BBvTotd1rUHineb7PhOCO9jeV,Zzy7Gsp1O0bIihhzcNgcLQB,CSSU's iPad,"",http://squareup.com/dashboard/sales/transactions/BBvTotd1rUHineb7PhOCO9jeV/by-unit/4YJMFSNQWK476,Payment,CSSU (charity),"","","",""
10/20/17,13:57:21,Eastern Time (US & Canada),None,Ice Cream Sandwich,1.0,Chocolate,"","",$0.50,$0.00,$0.50,$0.00,xpPF5Ounb6tzFRGRtG4PyE5eV,dfpIKfZ6iaUmAif3oBI2KQB,CSSU's iPad,"",http://squareup.com/dashboard/sales/transactions/xpPF5Ounb6tzFRGRtG4PyE5eV/by-unit/4YJMFSNQWK476,Payment,CSSU (charity),"","","",""
10/20/17,13:48:23,Eastern Time (US & Canada),None,Ice Cream Sandwich,1.0,Chocolate Chip,"","",$0.50,$0.00,$0.50,$0.00,XWKAtHeqLwuWGIRhUpv6KMkeV,t1YMKnZKxg5yidMFmVJZLQB,CSSU's iPad,"",http://squareup.com/dashboard/sales/transactions/XWKAtHeqLwuWGIRhUpv6KMkeV/by-unit/4YJMFSNQWK476,Payment,CSSU (charity),"","","",""
10/20/17,13:19:43,Eastern Time (US & Canada),None,Ice Cream Sandwich,2.0,Vanilla,"","",$1.00,$0.00,$1.00,$0.00,jSpgewICHwS2rNGigLpJSsneV,fKonRCJc5jEiUwk83SKPLQB,CSSU's iPad,"",http://squareup.com/dashboard/sales/transactions/jSpgewICHwS2rNGigLpJSsneV/by-unit/4YJMFSNQWK476,Payment,CSSU (charity),"","","",""
10/20/17,11:46:56,Eastern Time (US & Canada),Drinks,Coke,1.0,"Classic, 355ml","","",$0.75,$0.00,$0.75,$0.00,VZgAUhDHyAO5fb35zNJHPR4eV,tLrOToBxFE1nffKiH4e7KQB,CSSU's iPad,"",http://squareup.com/dashboard/sales/transactions/VZgAUhDHyAO5fb35zNJHPR4eV/by-unit/4YJMFSNQWK476,Payment,CSSU (charity),"","","",""
10/20/17,11:46:56,Eastern Time (US & Canada),None,Ice Cream Sandwich,1.0,Vanilla,"","",$0.50,$0.00,$0.50,$0.00,VZgAUhDHyAO5fb35zNJHPR4eV,tLrOToBxFE1nffKiH4e7KQB,CSSU's iPad,"",http://squareup.com/dashboard/sales/transactions/VZgAUhDHyAO5fb35zNJHPR4eV/by-unit/4YJMFSNQWK476,Payment,CSSU (charity),"","","",""
10/19/17,18:27:46,Eastern Time (US & Canada),None,Ice Cream Sandwich,2.0,Vanilla,"","",$1.00,$0.00,$1.00,$0.00,ppdtY7FbURMpE52OT81OOH1eV,YJORDNRzI8hzkNOnmpiuetMF,CSSU's iPad,"",http://squareup.com/dashboard/sales/transactions/ppdtY7FbURMpE52OT81OOH1eV/by-unit/4YJMFSNQWK476,Payment,CSSU (charity),"",FWS2RDHA5D7A0GM1DSA59BXJQ8,Mahir Khan F,""
10/19/17,15:28:24,Eastern Time (US & Canada),Drinks,Coke,1.0,"Diet, 355ml","","",$0.75,$0.00,$0.75,$0.00,rUsEN1Nw8C0zwOTgvXiLqcueV,YgkBf3ixU7jtGKWjTs1QnxMF,CSSU's iPad,"",http://squareup.com/dashboard/sales/transactions/rUsEN1Nw8C0zwOTgvXiLqcueV/by-unit/4YJMFSNQWK476,Payment,CSSU (charity),"",WZNXYAAZ0X552SP8W8G3RMJV44,Go Muramatsu,""
10/19/17,15:28:24,Eastern Time (US & Canada),None,Ice Cream Sandwich,1.0,Vanilla,"","",$0.50,$0.00,$0.50,$0.00,rUsEN1Nw8C0zwOTgvXiLqcueV,YgkBf3ixU7jtGKWjTs1QnxMF,CSSU's iPad,"",http://squareup.com/dashboard/sales/transactions/rUsEN1Nw8C0zwOTgvXiLqcueV/by-unit/4YJMFSNQWK476,Payment,CSSU (charity),"",WZNXYAAZ0X552SP8W8G3RMJV44,Go Muramatsu,""
10/19/17,15:17:12,Eastern Time (US & Canada),Drinks,Coke,1.0,"Classic, 355ml","","",$0.75,$0.00,$0.75,$0.00,HUrjfDa3AU9VXcWBbY11uz5eV,ZpRTpSyttPUWXR2rjcOGKQB,CSSU's iPad,"",http://squareup.com/dashboard/sales/transactions/HUrjfDa3AU9VXcWBbY11uz5eV/by-unit/4YJMFSNQWK476,Payment,CSSU (charity),"","","",""
10/19/17,15:17:12,Eastern Time (US & Canada),None,Ice Cream Sandwich,1.0,Chocolate,"","",$0.50,$0.00,$0.50,$0.00,HUrjfDa3AU9VXcWBbY11uz5eV,ZpRTpSyttPUWXR2rjcOGKQB,CSSU's iPad,"",http://squareup.com/dashboard/sales/transactions/HUrjfDa3AU9VXcWBbY11uz5eV/by-unit/4YJMFSNQWK476,Payment,CSSU (charity),"","","",""
10/19/17,14:12:34,Eastern Time (US & Canada),None,Ice Cream Sandwich,1.0,Chocolate Chip,"","",$0.50,$0.00,$0.50,$0.00,fGA6KbC1GUDSYQod3XWYoMheV,b2VwKBYTLK0jrEyf8nh2KQB,CSSU's iPad,"",http://squareup.com/dashboard/sales/transactions/fGA6KbC1GUDSYQod3XWYoMheV/by-unit/4YJMFSNQWK476,Payment,CSSU (charity),"","","",""
10/19/17,12:09:17,Eastern Time (US & Canada),None,Ice Cream Sandwich,2.0,Vanilla,"","",$1.00,$0.00,$1.00,$0.00,hTcrj4mvrnHinYEV9uhrqBkeV,bAewZhsbxvHEpSfEPvRgKQB,CSSU's iPad,"",http://squareup.com/dashboard/sales/transactions/hTcrj4mvrnHinYEV9uhrqBkeV/by-unit/4YJMFSNQWK476,Payment,CSSU (charity),"","","",""
10/18/17,20:03:03,Eastern Time (US & Canada),None,Ice Cream Sandwich,2.0,Vanilla,"","",$1.00,$0.00,$1.00,$0.00,zShOCWK1cE6YpS45bItERd1eV,sFea6EY2hoq2nzsxyScDIuMF,CSSU's iPad,"",http://squareup.com/dashboard/sales/transactions/zShOCWK1cE6YpS45bItERd1eV/by-unit/4YJMFSNQWK476,Payment,CSSU (charity),"","","",""
10/18/17,14:05:13,Eastern Time (US & Canada),None,Ice Cream Sandwich,1.0,Chocolate,"","",$0.50,$0.00,$0.50,$0.00,FJeNw8d0rSPAFCiY719zafoeV,7qf8Kz17zqNuaavCckXjKQB,CSSU's iPad,"",http://squareup.com/dashboard/sales/transactions/FJeNw8d0rSPAFCiY719zafoeV/by-unit/4YJMFSNQWK476,Payment,CSSU (charity),"","","",""
10/18/17,12:35:48,Eastern Time (US & Canada),Drinks,Barbican Non-Alcoholic Malt Drink,1.0,Regular,"","",$2.00,$0.00,$2.00,$0.00,5RXA5yYsufXaGIw1G9lbtAAfV,9NcyYMj4aInnPtuWPXEQLQB,CSSU's iPad,"",http://squareup.com/dashboard/sales/transactions/5RXA5yYsufXaGIw1G9lbtAAfV/by-unit/4YJMFSNQWK476,Payment,CSSU (charity),"","","",""
10/18/17,12:35:48,Eastern Time (US & Canada),None,Ice Cream Sandwich,2.0,Vanilla,"","",$1.00,$0.00,$1.00,$0.00,5RXA5yYsufXaGIw1G9lbtAAfV,9NcyYMj4aInnPtuWPXEQLQB,CSSU's iPad,"",http://squareup.com/dashboard/sales/transactions/5RXA5yYsufXaGIw1G9lbtAAfV/by-unit/4YJMFSNQWK476,Payment,CSSU (charity),"","","",""
10/17/17,15:39:42,Eastern Time (US & Canada),None,Ice Cream Sandwich,1.0,Chocolate,"","",$0.50,$0.00,$0.50,$0.00,ZBr08B0ODpwp457cjhFpsLteV,TavTAo0nGcZ6ikY9LMyuKQB,CSSU's iPad,"",http://squareup.com/dashboard/sales/transactions/ZBr08B0ODpwp457cjhFpsLteV/by-unit/4YJMFSNQWK476,Payment,CSSU (charity),"","","",""
10/17/17,15:35:31,Eastern Time (US & Canada),None,Ice Cream Sandwich,2.0,Chocolate,"","",$1.00,$0.00,$1.00,$0.00,fM5njxLbf0FAOQifGLIYCu5eV,l7TbKAM1Yx5jkl2otTFMLQB,CSSU's iPad,"",http://squareup.com/dashboard/sales/transactions/fM5njxLbf0FAOQifGLIYCu5eV/by-unit/4YJMFSNQWK476,Payment,CSSU (charity),"","","",""
10/17/17,14:03:15,Eastern Time (US & Canada),None,Ice Cream Sandwich,1.0,Chocolate,"","",$0.50,$0.00,$0.50,$0.00,fm2TriKJwP3mqkWjE2SlrzieV,tBMtpm0SPgtHtuZBj3KdKQB,CSSU's iPad,"",http://squareup.com/dashboard/sales/transactions/fm2TriKJwP3mqkWjE2SlrzieV/by-unit/4YJMFSNQWK476,Payment,CSSU (charity),"","","",""
10/17/17,12:58:08,Eastern Time (US & Canada),None,Ice Cream Sandwich,1.0,Vanilla,"","",$0.50,$0.00,$0.50,$0.00,xNp5BM1EBok2CpPzdTMgsyleV,bQsB8LYKI83EwZ6o6QjULQB,CSSU's iPad,"",http://squareup.com/dashboard/sales/transactions/xNp5BM1EBok2CpPzdTMgsyleV/by-unit/4YJMFSNQWK476,Payment,CSSU (charity),"","","",""
10/17/17,12:07:55,Eastern Time (US & Canada),Drinks,Barbican Non-Alcoholic Malt Drink,1.0,Regular,"","",$2.00,$0.00,$2.00,$0.00,xrYR7JytN6hUqwBoub3ERwyeV,fiEVec6x75K04C40JT7g2yMF,CSSU's iPad,"",http://squareup.com/dashboard/sales/transactions/xrYR7JytN6hUqwBoub3ERwyeV/by-unit/4YJMFSNQWK476,Payment,CSSU (charity),"","","",""
10/17/17,12:07:55,Eastern Time (US & Canada),None,Ice Cream Sandwich,1.0,Chocolate,"","",$0.50,$0.00,$0.50,$0.00,xrYR7JytN6hUqwBoub3ERwyeV,fiEVec6x75K04C40JT7g2yMF,CSSU's iPad,"",http://squareup.com/dashboard/sales/transactions/xrYR7JytN6hUqwBoub3ERwyeV/by-unit/4YJMFSNQWK476,Payment,CSSU (charity),"","","",""
10/16/17,19:50:01,Eastern Time (US & Canada),None,Ice Cream Sandwich,2.0,Chocolate,"","",$1.00,$0.00,$1.00,$0.00,VrlkZKfoaOlyKfHv5Bme731eV,j2b2vTiEzvD3FDUUGnaNKQB,CSSU's iPad,"",http://squareup.com/dashboard/sales/transactions/VrlkZKfoaOlyKfHv5Bme731eV/by-unit/4YJMFSNQWK476,Payment,CSSU (charity),"","","",""
10/16/17,18:56:43,Eastern Time (US & Canada),None,Ice Cream Sandwich,3.0,Chocolate,"","",$1.50,$0.00,$1.50,$0.00,hN13AfeYHP0vek2XtUYKIFweV,3szDxPdKMRZSc0CoilFXKQB,CSSU's iPad,"",http://squareup.com/dashboard/sales/transactions/hN13AfeYHP0vek2XtUYKIFweV/by-unit/4YJMFSNQWK476,Payment,CSSU (charity),"","","",""
10/16/17,16:50:28,Eastern Time (US & Canada),None,Ice Cream Sandwich,1.0,Chocolate,"","",$0.50,$0.00,$0.50,$0.00,xhduxSSlg0gNFOvnfVYprQ6eV,7A83t2aSVg6NAZHKkjb5JQB,CSSU's iPad,"",http://squareup.com/dashboard/sales/transactions/xhduxSSlg0gNFOvnfVYprQ6eV/by-unit/4YJMFSNQWK476,Payment,CSSU (charity),"","","",""
10/16/17,15:54:47,Eastern Time (US & Canada),None,Ice Cream Sandwich,3.0,Chocolate,"","",$1.50,$0.00,$1.50,$0.00,XoryCw2pebkr1CcCeSdDYh4eV,Rzor3vHEPDMbqJKCMkkOLQB,CSSU's iPad,"",http://squareup.com/dashboard/sales/transactions/XoryCw2pebkr1CcCeSdDYh4eV/by-unit/4YJMFSNQWK476,Payment,CSSU (charity),"","","",""
10/16/17,15:52:53,Eastern Time (US & Canada),None,Ice Cream Sandwich,1.0,Chocolate,"","",$0.50,$0.00,$0.50,$0.00,P87UWC0s5lqwaFr7pR87t4yeV,vaIRXyXWSzbpboFCUOFWKQB,CSSU's iPad,"",http://squareup.com/dashboard/sales/transactions/P87UWC0s5lqwaFr7pR87t4yeV/by-unit/4YJMFSNQWK476,Payment,CSSU (charity),"","","",""
10/16/17,14:15:27,Eastern Time (US & Canada),None,Ice Cream Sandwich,1.0,Vanilla,"","",$0.50,$0.00,$0.50,$0.00,7KFDIRoGZpeTP6x322RBsi4eV,jqREpE8NH84qPzkvjcN2KQB,CSSU's iPad,"",http://squareup.com/dashboard/sales/transactions/7KFDIRoGZpeTP6x322RBsi4eV/by-unit/4YJMFSNQWK476,Payment,CSSU (charity),"","","",""
10/16/17,13:46:16,Eastern Time (US & Canada),None,Ice Cream Sandwich,1.0,Fudgsicle,"","",$0.50,$0.00,$0.50,$0.00,F3HE7AcSrC75hXSShOszvNpeV,setJBbPwWUS0H93kkTQLByMF,CSSU's iPad,"",http://squareup.com/dashboard/sales/transactions/F3HE7AcSrC75hXSShOszvNpeV/by-unit/4YJMFSNQWK476,Payment,CSSU (charity),"","","",""
10/16/17,13:46:16,Eastern Time (US & Canada),None,Chips,1.0,Regular Price,"","",$0.75,$0.00,$0.75,$0.00,F3HE7AcSrC75hXSShOszvNpeV,setJBbPwWUS0H93kkTQLByMF,CSSU's iPad,"",http://squareup.com/dashboard/sales/transactions/F3HE7AcSrC75hXSShOszvNpeV/by-unit/4YJMFSNQWK476,Payment,CSSU (charity),"","","",""
10/16/17,01:09:39,Eastern Time (US & Canada),None,Chips,1.0,2 for $1,"","",$1.00,$0.00,$1.00,$0.00,VZqhEsiQlGrHrbyPDQq8mtseV,o7JgbEcNkzzcFXujJNIvrxMF,CSSU's iPad,"",http://squareup.com/dashboard/sales/transactions/VZqhEsiQlGrHrbyPDQq8mtseV/by-unit/4YJMFSNQWK476,Payment,CSSU (charity),"","","",""
10/16/17,01:09:39,Eastern Time (US & Canada),None,Ice Cream Sandwich,2.0,Chocolate,"","",$1.00,$0.00,$1.00,$0.00,VZqhEsiQlGrHrbyPDQq8mtseV,o7JgbEcNkzzcFXujJNIvrxMF,CSSU's iPad,"",http://squareup.com/dashboard/sales/transactions/VZqhEsiQlGrHrbyPDQq8mtseV/by-unit/4YJMFSNQWK476,Payment,CSSU (charity),"","","",""
10/15/17,18:01:06,Eastern Time (US & Canada),None,Ice Cream Sandwich,1.0,Vanilla,"","",$0.50,$0.00,$0.50,$0.00,FTrnVnyA84WBqdPGIna8yZyeV,ZdXj0XJOtfYPDG2yOJoDKQB,CSSU's iPad,"",http://squareup.com/dashboard/sales/transactions/FTrnVnyA84WBqdPGIna8yZyeV/by-unit/4YJMFSNQWK476,Payment,CSSU (charity),"","","",""
10/15/17,17:32:21,Eastern Time (US & Canada),None,Chips,2.0,2 for $1,"","",$2.00,$0.00,$2.00,$0.00,ZhhjoK9oDiJMbauI919Bk4eeV,H2ACk8HpnRaOBuDlBQNrksMF,CSSU's iPad,"",http://squareup.com/dashboard/sales/transactions/ZhhjoK9oDiJMbauI919Bk4eeV/by-unit/4YJMFSNQWK476,Payment,CSSU (charity),"","","",""
10/15/17,17:32:21,Eastern Time (US & Canada),None,Ice Cream Sandwich,1.0,Vanilla,"","",$0.50,$0.00,$0.50,$0.00,ZhhjoK9oDiJMbauI919Bk4eeV,H2ACk8HpnRaOBuDlBQNrksMF,CSSU's iPad,"",http://squareup.com/dashboard/sales/transactions/ZhhjoK9oDiJMbauI919Bk4eeV/by-unit/4YJMFSNQWK476,Payment,CSSU (charity),"","","",""
10/15/17,17:31:29,Eastern Time (US & Canada),None,Ice Cream Sandwich,1.0,Vanilla,"","",$0.50,$0.00,$0.50,$0.00,tRG8CtUCWloNS2AgLjy6POkeV,1xmD9rqbsIBVQiMH2ocpKQB,CSSU's iPad,"",http://squareup.com/dashboard/sales/transactions/tRG8CtUCWloNS2AgLjy6POkeV/by-unit/4YJMFSNQWK476,Payment,CSSU (charity),"","","",""
10/15/17,14:22:27,Eastern Time (US & Canada),Drinks,Water,2.0,"Regular Price, 500ml","","",$1.50,$0.00,$1.50,$0.00,p5lHVRWunIGGYCnqbgHGNameV,1e0chcgjkc6k7YWpU4jpWtMF,CSSU's iPad,"",http://squareup.com/dashboard/sales/transactions/p5lHVRWunIGGYCnqbgHGNameV/by-unit/4YJMFSNQWK476,Payment,CSSU (charity),"","","",""
10/15/17,14:22:27,Eastern Time (US & Canada),None,Ice Cream Sandwich,1.0,Vanilla,"","",$0.50,$0.00,$0.50,$0.00,p5lHVRWunIGGYCnqbgHGNameV,1e0chcgjkc6k7YWpU4jpWtMF,CSSU's iPad,"",http://squareup.com/dashboard/sales/transactions/p5lHVRWunIGGYCnqbgHGNameV/by-unit/4YJMFSNQWK476,Payment,CSSU (charity),"","","",""
10/14/17,22:07:16,Eastern Time (US & Canada),None,Ice Cream Sandwich,1.0,Chocolate,"","",$0.50,$0.00,$0.50,$0.00,NrruhMf00OGJaRnmpoHmUZreV,SSqSGwVQqlW1wlM5XdpTOtMF,CSSU's iPad,"",http://squareup.com/dashboard/sales/transactions/NrruhMf00OGJaRnmpoHmUZreV/by-unit/4YJMFSNQWK476,Payment,CSSU (charity),"","","",""
10/14/17,22:07:16,Eastern Time (US & Canada),None,Ice Cream Sandwich,1.0,Fudgsicle,"","",$0.50,$0.00,$0.50,$0.00,NrruhMf00OGJaRnmpoHmUZreV,SSqSGwVQqlW1wlM5XdpTOtMF,CSSU's iPad,"",http://squareup.com/dashboard/sales/transactions/NrruhMf00OGJaRnmpoHmUZreV/by-unit/4YJMFSNQWK476,Payment,CSSU (charity),"","","",""
10/14/17,17:31:33,Eastern Time (US & Canada),Drinks,Minute Maid,1.0,"Apple, 341ml","","",$1.00,$0.00,$1.00,$0.00,Vj7d9T4AFDsiDLgkIVUY3FleV,ZAQ7l7UUVVhMIsgH6XIjuvMF,CSSU's iPad,"",http://squareup.com/dashboard/sales/transactions/Vj7d9T4AFDsiDLgkIVUY3FleV/by-unit/4YJMFSNQWK476,Payment,CSSU (charity),"","","",""
10/14/17,17:31:33,Eastern Time (US & Canada),None,Ice Cream Sandwich,1.0,Vanilla,"","",$0.50,$0.00,$0.50,$0.00,Vj7d9T4AFDsiDLgkIVUY3FleV,ZAQ7l7UUVVhMIsgH6XIjuvMF,CSSU's iPad,"",http://squareup.com/dashboard/sales/transactions/Vj7d9T4AFDsiDLgkIVUY3FleV/by-unit/4YJMFSNQWK476,Payment,CSSU (charity),"","","",""
10/13/17,19:42:30,Eastern Time (US & Canada),None,Ice Cream Sandwich,1.0,Vanilla,"","",$0.50,$0.00,$0.50,$0.00,9rLcXrY2z7fY471Tf2034NgeV,TEKKgbOGz2IeithrduOGLQB,CSSU's iPad,"",http://squareup.com/dashboard/sales/transactions/9rLcXrY2z7fY471Tf2034NgeV/by-unit/4YJMFSNQWK476,Payment,CSSU (charity),"","","",""
10/13/17,18:06:18,Eastern Time (US & Canada),None,Ice Cream Sandwich,1.0,Vanilla,"","",$0.50,$0.00,$0.50,$0.00,dBoJBmAQSfnmxqmMNqt1DQjeV,dpwvhdxoWoQJQgLlMRFeKQB,CSSU's iPad,"",http://squareup.com/dashboard/sales/transactions/dBoJBmAQSfnmxqmMNqt1DQjeV/by-unit/4YJMFSNQWK476,Payment,CSSU (charity),"","","",""
10/13/17,17:51:43,Eastern Time (US & Canada),None,Ice Cream Sandwich,5.0,Vanilla,"","",$2.50,$0.00,$2.50,$0.00,raLwcZXZxc0FSTw3Pl37NHqeV,DsiM7EqppadCWJyJhLfRLQB,CSSU's iPad,"",http://squareup.com/dashboard/sales/transactions/raLwcZXZxc0FSTw3Pl37NHqeV/by-unit/4YJMFSNQWK476,Payment,CSSU (charity),"","","",""
10/13/17,17:45:48,Eastern Time (US & Canada),None,Ice Cream Sandwich,1.0,Vanilla,"","",$0.50,$0.00,$0.50,$0.00,9JgJkl9Ly26WQIWaNYRN394eV,3MfxFVtM49LVZdI7ElF6JQB,CSSU's iPad,"",http://squareup.com/dashboard/sales/transactions/9JgJkl9Ly26WQIWaNYRN394eV/by-unit/4YJMFSNQWK476,Payment,CSSU (charity),"","","",""
10/13/17,17:41:28,Eastern Time (US & Canada),None,Ice Cream Sandwich,1.0,Vanilla,"","",$0.50,$0.00,$0.50,$0.00,3qw8wAbCvNvemPvwjSRZHB2eV,bU6rEYJmPMOOUvbnts4KKQB,CSSU's iPad,"",http://squareup.com/dashboard/sales/transactions/3qw8wAbCvNvemPvwjSRZHB2eV/by-unit/4YJMFSNQWK476,Payment,CSSU (charity),"","","",""
10/13/17,17:41:28,Eastern Time (US & Canada),Drinks,Coke,1.0,"Classic, 355ml","","",$0.75,$0.00,$0.75,$0.00,3qw8wAbCvNvemPvwjSRZHB2eV,bU6rEYJmPMOOUvbnts4KKQB,CSSU's iPad,"",http://squareup.com/dashboard/sales/transactions/3qw8wAbCvNvemPvwjSRZHB2eV/by-unit/4YJMFSNQWK476,Payment,CSSU (charity),"","","",""
10/13/17,17:28:51,Eastern Time (US & Canada),None,Ice Cream Sandwich,2.0,Vanilla,"","",$1.00,$0.00,$1.00,$0.00,9vBcmjTVlEIhEsBdYWiOsWgeV,B1XoViabA2gGMvbzk8BaKQB,CSSU's iPad,"",http://squareup.com/dashboard/sales/transactions/9vBcmjTVlEIhEsBdYWiOsWgeV/by-unit/4YJMFSNQWK476,Payment,CSSU (charity),"","","",""
10/13/17,17:04:52,Eastern Time (US & Canada),None,Ice Cream Sandwich,1.0,Vanilla,"","",$0.50,$0.00,$0.50,$0.00,fWYMtIbWyrBG003Pf3jXsjveV,9pwhkbDj6zht9u0fHoTaKQB,CSSU's iPad,"",http://squareup.com/dashboard/sales/transactions/fWYMtIbWyrBG003Pf3jXsjveV/by-unit/4YJMFSNQWK476,Payment,CSSU (charity),"","","",""
10/13/17,16:59:22,Eastern Time (US & Canada),Chocolate ,Chocolates,1.0,M&M Almond,"","",$1.50,$0.00,$1.50,$0.00,v6iAwKE5YYNa58KjQscICJ9eV,bqjYjElIHhDhT9KgecneLQB,CSSU's iPad,"",http://squareup.com/dashboard/sales/transactions/v6iAwKE5YYNa58KjQscICJ9eV/by-unit/4YJMFSNQWK476,Payment,CSSU (charity),"","","",""
10/13/17,16:59:22,Eastern Time (US & Canada),None,Chips,1.0,Regular Price,"","",$0.75,$0.00,$0.75,$0.00,v6iAwKE5YYNa58KjQscICJ9eV,bqjYjElIHhDhT9KgecneLQB,CSSU's iPad,"",http://squareup.com/dashboard/sales/transactions/v6iAwKE5YYNa58KjQscICJ9eV/by-unit/4YJMFSNQWK476,Payment,CSSU (charity),"","","",""
10/13/17,16:59:22,Eastern Time (US & Canada),None,Ice Cream Sandwich,1.0,Vanilla,"","",$0.50,$0.00,$0.50,$0.00,v6iAwKE5YYNa58KjQscICJ9eV,bqjYjElIHhDhT9KgecneLQB,CSSU's iPad,"",http://squareup.com/dashboard/sales/transactions/v6iAwKE5YYNa58KjQscICJ9eV/by-unit/4YJMFSNQWK476,Payment,CSSU (charity),"","","",""
10/13/17,15:39:57,Eastern Time (US & Canada),None,Ice Cream Sandwich,1.0,Fudgsicle,"","",$0.50,$0.00,$0.50,$0.00,zq5kaCQ51819A3ugVjXRMSoeV,RzQl8KCpoVOY4dhY2jXiKQB,CSSU's iPad,"",http://squareup.com/dashboard/sales/transactions/zq5kaCQ51819A3ugVjXRMSoeV/by-unit/4YJMFSNQWK476,Payment,CSSU (charity),"","","",""
10/12/17,21:52:38,Eastern Time (US & Canada),None,Ice Cream Sandwich,1.0,Chocolate Chip,"","",$0.50,$0.00,$0.50,$0.00,djVbH8CxAvi4O1yrs9NR3hzeV,j8gpSqnjsj1tUIhZbUp5KQB,CSSU's iPad,"",http://squareup.com/dashboard/sales/transactions/djVbH8CxAvi4O1yrs9NR3hzeV/by-unit/4YJMFSNQWK476,Payment,CSSU (charity),"","","",""
10/12/17,21:51:48,Eastern Time (US & Canada),None,Ice Cream Sandwich,1.0,Vanilla,"","",$0.50,$0.00,$0.50,$0.00,7SN7nvETUakJdc6jzRUWawkeV,ND93oYSIRJSdZ60JCvX4JQB,CSSU's iPad,"",http://squareup.com/dashboard/sales/transactions/7SN7nvETUakJdc6jzRUWawkeV/by-unit/4YJMFSNQWK476,Payment,CSSU (charity),"","","",""
10/12/17,17:09:15,Eastern Time (US & Canada),None,Ice Cream Sandwich,1.0,Chocolate Chip,"","",$0.50,$0.00,$0.50,$0.00,99Cx2tvQNN0aLoymYF00zx6eV,T4UEJfmIRHakh7poJCrWLQB,CSSU's iPad,"",http://squareup.com/dashboard/sales/transactions/99Cx2tvQNN0aLoymYF00zx6eV/by-unit/4YJMFSNQWK476,Payment,CSSU (charity),"","","",""
10/12/17,16:13:18,Eastern Time (US & Canada),None,Ice Cream Sandwich,1.0,Vanilla,"","",$0.50,$0.00,$0.50,$0.00,1fZTcSSFi4dUxKwFxQDPynheV,3Epgbqf4d1Jwod082fMWLQB,CSSU's iPad,"",http://squareup.com/dashboard/sales/transactions/1fZTcSSFi4dUxKwFxQDPynheV/by-unit/4YJMFSNQWK476,Payment,CSSU (charity),"","","",""
10/12/17,16:12:28,Eastern Time (US & Canada),None,Ice Cream Sandwich,2.0,Vanilla,"","",$1.00,$0.00,$1.00,$0.00,7SRNXBBIzK75nXcw8Q1hYK1eV,NRcZXi8E2sNXkr0QVoL1JQB,CSSU's iPad,"",http://squareup.com/dashboard/sales/transactions/7SRNXBBIzK75nXcw8Q1hYK1eV/by-unit/4YJMFSNQWK476,Payment,CSSU (charity),"","","",""
10/12/17,16:00:12,Eastern Time (US & Canada),None,Ice Cream Sandwich,2.0,Vanilla,"","",$1.00,$0.00,$1.00,$0.00,Lk6jbiCbhjfZnz6PK8RlsQ4eV,FVCcsyZiBZYfj04A4P13JQB,CSSU's iPad,"",http://squareup.com/dashboard/sales/transactions/Lk6jbiCbhjfZnz6PK8RlsQ4eV/by-unit/4YJMFSNQWK476,Payment,CSSU (charity),"","","",""
10/12/17,13:56:09,Eastern Time (US & Canada),None,Ice Cream Sandwich,1.0,Chocolate,"","",$0.50,$0.00,$0.50,$0.00,Pod0XEwpBvhTmk9Foj9x6X4eV,JX0TT08L2pNTRaCOgccgKQB,CSSU's iPad,"",http://squareup.com/dashboard/sales/transactions/Pod0XEwpBvhTmk9Foj9x6X4eV/by-unit/4YJMFSNQWK476,Payment,CSSU (charity),"","","",""
10/11/17,17:03:50,Eastern Time (US & Canada),None,Ice Cream Sandwich,2.0,Vanilla,"","",$1.00,$0.00,$1.00,$0.00,9P1A37B89Kn0TCXivUohEUseV,oTJBHXU2KcNltIQbSqkNjvMF,CSSU's iPad,"",http://squareup.com/dashboard/sales/transactions/9P1A37B89Kn0TCXivUohEUseV/by-unit/4YJMFSNQWK476,Payment,CSSU (charity),"","","",""
10/11/17,14:51:51,Eastern Time (US & Canada),Drinks,Barbican Non-Alcoholic Malt Drink,1.0,Regular,"","",$2.00,$0.00,$2.00,$0.00,dl290eUVU4OIoYgdZfQEaJ3eV,NjnwkruW3hCo9nbiFpXDLQB,CSSU's iPad,"",http://squareup.com/dashboard/sales/transactions/dl290eUVU4OIoYgdZfQEaJ3eV/by-unit/4YJMFSNQWK476,Payment,CSSU (charity),"","","",""
10/11/17,14:51:51,Eastern Time (US & Canada),None,Ice Cream Sandwich,1.0,Vanilla,"","",$0.50,$0.00,$0.50,$0.00,dl290eUVU4OIoYgdZfQEaJ3eV,NjnwkruW3hCo9nbiFpXDLQB,CSSU's iPad,"",http://squareup.com/dashboard/sales/transactions/dl290eUVU4OIoYgdZfQEaJ3eV/by-unit/4YJMFSNQWK476,Payment,CSSU (charity),"","","",""
10/10/17,21:12:07,Eastern Time (US & Canada),Drinks,Barbican Non-Alcoholic Malt Drink,1.0,Regular,"","",$2.00,$0.00,$2.00,$0.00,lbT3yfG6m5vsfzHSUfAYiS9eV,pnysS3F3aB8JhUYLIBuDKQB,CSSU's iPad,"",http://squareup.com/dashboard/sales/transactions/lbT3yfG6m5vsfzHSUfAYiS9eV/by-unit/4YJMFSNQWK476,Payment,CSSU (charity),"","","",""
10/10/17,21:12:07,Eastern Time (US & Canada),Cliff ,Protein ,3.0,Regular,"","",$6.75,$0.00,$6.75,$0.00,lbT3yfG6m5vsfzHSUfAYiS9eV,pnysS3F3aB8JhUYLIBuDKQB,CSSU's iPad,"",http://squareup.com/dashboard/sales/transactions/lbT3yfG6m5vsfzHSUfAYiS9eV/by-unit/4YJMFSNQWK476,Payment,CSSU (charity),"","","",""
10/10/17,21:12:07,Eastern Time (US & Canada),Chocolate ,Chocolates,1.0,Reese's Pieces,"","",$1.50,$0.00,$1.50,$0.00,lbT3yfG6m5vsfzHSUfAYiS9eV,pnysS3F3aB8JhUYLIBuDKQB,CSSU's iPad,"",http://squareup.com/dashboard/sales/transactions/lbT3yfG6m5vsfzHSUfAYiS9eV/by-unit/4YJMFSNQWK476,Payment,CSSU (charity),"","","",""
10/10/17,21:12:07,Eastern Time (US & Canada),None,Ice Cream Sandwich,4.0,Chocolate,"","",$2.00,$0.00,$2.00,$0.00,lbT3yfG6m5vsfzHSUfAYiS9eV,pnysS3F3aB8JhUYLIBuDKQB,CSSU's iPad,"",http://squareup.com/dashboard/sales/transactions/lbT3yfG6m5vsfzHSUfAYiS9eV/by-unit/4YJMFSNQWK476,Payment,CSSU (charity),"","","",""
10/10/17,21:12:07,Eastern Time (US & Canada),None,Lays Chips,4.0,Regular Price,"","",$3.00,$0.00,$3.00,$0.00,lbT3yfG6m5vsfzHSUfAYiS9eV,pnysS3F3aB8JhUYLIBuDKQB,CSSU's iPad,"",http://squareup.com/dashboard/sales/transactions/lbT3yfG6m5vsfzHSUfAYiS9eV/by-unit/4YJMFSNQWK476,Payment,CSSU (charity),"","","",""
10/10/17,21:12:07,Eastern Time (US & Canada),Drinks,Barbican Non-Alcoholic Malt Drink,1.0,Regular,"","",$2.00,$0.00,$2.00,$0.00,lbT3yfG6m5vsfzHSUfAYiS9eV,pnysS3F3aB8JhUYLIBuDKQB,CSSU's iPad,"",http://squareup.com/dashboard/sales/transactions/lbT3yfG6m5vsfzHSUfAYiS9eV/by-unit/4YJMFSNQWK476,Payment,CSSU (charity),"","","",""
10/10/17,19:13:42,Eastern Time (US & Canada),None,Ice Cream Sandwich,2.0,Vanilla,"","",$1.00,$0.00,$1.00,$0.00,DmvcTyWXgUdhztWq2L4EAiseV,LAELMKVBGShbhmD7QgfKLQB,CSSU's iPad,"",http://squareup.com/dashboard/sales/transactions/DmvcTyWXgUdhztWq2L4EAiseV/by-unit/4YJMFSNQWK476,Payment,CSSU (charity),"","","",""
10/10/17,14:08:27,Eastern Time (US & Canada),None,Ice Cream Sandwich,1.0,Vanilla,"","",$0.50,$0.00,$0.50,$0.00,F31JmKqHb4Ylllw1X4uBFMxeV,Xkd63BJstrZh5UDkZXdAKQB,CSSU's iPad,"",http://squareup.com/dashboard/sales/transactions/F31JmKqHb4Ylllw1X4uBFMxeV/by-unit/4YJMFSNQWK476,Payment,CSSU (charity),"","","",""
10/10/17,13:21:41,Eastern Time (US & Canada),None,Ice Cream Sandwich,2.0,Vanilla,"","",$1.00,$0.00,$1.00,$0.00,ZbgEqHF2c6uOb9kiFv4zP3weV,VrbDBLolGZypt1ekGCqMLQB,CSSU's iPad,"",http://squareup.com/dashboard/sales/transactions/ZbgEqHF2c6uOb9kiFv4zP3weV/by-unit/4YJMFSNQWK476,Payment,CSSU (charity),"","","",""
10/10/17,11:44:17,Eastern Time (US & Canada),None,Ice Cream Sandwich,1.0,Vanilla,"","",$0.50,$0.00,$0.50,$0.00,BNLkxEFCRmN0o7uHHnhI0sgeV,boErOZjoFZOQ9l9HDoTDLQB,CSSU's iPad,"",http://squareup.com/dashboard/sales/transactions/BNLkxEFCRmN0o7uHHnhI0sgeV/by-unit/4YJMFSNQWK476,Payment,CSSU (charity),"","","",""
10/09/17,21:39:22,Eastern Time (US & Canada),None,Ice Cream Sandwich,1.0,Vanilla,"","",$0.50,$0.00,$0.50,$0.00,zaT5YAuim6T4e87QOvP62p3eV,teIFq0nmF7yAHCNoL7sYgzMF,CSSU's iPad,"",http://squareup.com/dashboard/sales/transactions/zaT5YAuim6T4e87QOvP62p3eV/by-unit/4YJMFSNQWK476,Payment,CSSU (charity),"","","",""
10/09/17,21:39:22,Eastern Time (US & Canada),Drinks,Water,1.0,"Regular Price, 500ml","","",$0.75,$0.00,$0.75,$0.00,zaT5YAuim6T4e87QOvP62p3eV,teIFq0nmF7yAHCNoL7sYgzMF,CSSU's iPad,"",http://squareup.com/dashboard/sales/transactions/zaT5YAuim6T4e87QOvP62p3eV/by-unit/4YJMFSNQWK476,Payment,CSSU (charity),"","","",""
10/09/17,15:33:36,Eastern Time (US & Canada),Drinks,Coke,1.0,"Classic, 355ml","","",$0.75,$0.00,$0.75,$0.00,ppB5BtnjuKRvFSE0qonksr2eV,FpC7YVenDjV9WSX4aUlVLQB,CSSU's iPad,"",http://squareup.com/dashboard/sales/transactions/ppB5BtnjuKRvFSE0qonksr2eV/by-unit/4YJMFSNQWK476,Payment,CSSU (charity),"","","",""
10/09/17,15:33:36,Eastern Time (US & Canada),None,Ice Cream Sandwich,1.0,Vanilla,"","",$0.50,$0.00,$0.50,$0.00,ppB5BtnjuKRvFSE0qonksr2eV,FpC7YVenDjV9WSX4aUlVLQB,CSSU's iPad,"",http://squareup.com/dashboard/sales/transactions/ppB5BtnjuKRvFSE0qonksr2eV/by-unit/4YJMFSNQWK476,Payment,CSSU (charity),"","","",""
10/08/17,00:11:42,Eastern Time (US & Canada),None,Ice Cream Sandwich,1.0,Chocolate,"","",$0.50,$0.00,$0.50,$0.00,jg8eAzaWShq7XHSJ22AruJpeV,HY17Hm2QFU6OI9BZuT61KQB,CSSU's iPad,"",http://squareup.com/dashboard/sales/transactions/jg8eAzaWShq7XHSJ22AruJpeV/by-unit/4YJMFSNQWK476,Payment,CSSU (charity),"","","",""
10/07/17,23:53:39,Eastern Time (US & Canada),Drinks,Coke,1.0,"Classic, 355ml","","",$0.75,$0.00,$0.75,$0.00,NDFr4KJ0t2SSo53Mm3gsc6geV,Toidy4u6mkeZCxPV66bVLQB,CSSU's iPad,"",http://squareup.com/dashboard/sales/transactions/NDFr4KJ0t2SSo53Mm3gsc6geV/by-unit/4YJMFSNQWK476,Payment,CSSU (charity),"","","",""
10/07/17,23:53:39,Eastern Time (US & Canada),None,Ice Cream Sandwich,1.0,Chocolate,"","",$0.50,$0.00,$0.50,$0.00,NDFr4KJ0t2SSo53Mm3gsc6geV,Toidy4u6mkeZCxPV66bVLQB,CSSU's iPad,"",http://squareup.com/dashboard/sales/transactions/NDFr4KJ0t2SSo53Mm3gsc6geV/by-unit/4YJMFSNQWK476,Payment,CSSU (charity),"","","",""
10/07/17,21:35:27,Eastern Time (US & Canada),None,Ice Cream Sandwich,2.0,Vanilla,"","",$1.00,$0.00,$1.00,$0.00,bCXmyFtLc4FUI9sUzHjjYd7eV,l94TPHxzaJgDanDVWlGaLQB,CSSU's iPad,"",http://squareup.com/dashboard/sales/transactions/bCXmyFtLc4FUI9sUzHjjYd7eV/by-unit/4YJMFSNQWK476,Payment,CSSU (charity),"","","",""
10/07/17,20:14:08,Eastern Time (US & Canada),None,Ice Cream Sandwich,1.0,Vanilla,"","",$0.50,$0.00,$0.50,$0.00,ZJlDUmd9VfVVDuCGd08Vz9seV,re5y6xZVaQpxUsxWIzXwJQB,CSSU's iPad,"",http://squareup.com/dashboard/sales/transactions/ZJlDUmd9VfVVDuCGd08Vz9seV/by-unit/4YJMFSNQWK476,Payment,CSSU (charity),"","","",""
10/07/17,19:44:08,Eastern Time (US & Canada),None,Ice Cream Sandwich,2.0,Vanilla,"","",$1.00,$0.00,$1.00,$0.00,FvjMVBR89n6WAmIqC3N8jEfeV,rgCKwZAnJlJ4Bvr7b05HKQB,CSSU's iPad,"",http://squareup.com/dashboard/sales/transactions/FvjMVBR89n6WAmIqC3N8jEfeV/by-unit/4YJMFSNQWK476,Payment,CSSU (charity),"","","",""
10/06/17,17:36:25,Eastern Time (US & Canada),None,Ice Cream Sandwich,1.0,Vanilla,"","",$0.50,$0.00,$0.50,$0.00,HMNEA48QHrHNZvqI0njWy34eV,jCtkVUqvSqsQs0ukuLdVKQB,CSSU's iPad,"",http://squareup.com/dashboard/sales/transactions/HMNEA48QHrHNZvqI0njWy34eV/by-unit/4YJMFSNQWK476,Payment,CSSU (charity),"","","",""
10/06/17,17:35:10,Eastern Time (US & Canada),None,Ice Cream Sandwich,2.0,Vanilla,"","",$1.00,$0.00,$1.00,$0.00,7sa5OJdR625FQDooYyB40a4eV,YTDdsa2dYLasv3speDhBZwMF,CSSU's iPad,"",http://squareup.com/dashboard/sales/transactions/7sa5OJdR625FQDooYyB40a4eV/by-unit/4YJMFSNQWK476,Payment,CSSU (charity),"","","",""
10/06/17,15:32:13,Eastern Time (US & Canada),None,Ice Cream Sandwich,1.0,Vanilla,"","",$0.50,$0.00,$0.50,$0.00,J51FKbfZmgNW6OnfpDViB7seV,ZjmRgHx0qSdfInGJJiF5JQB,CSSU's iPad,"",http://squareup.com/dashboard/sales/transactions/J51FKbfZmgNW6OnfpDViB7seV/by-unit/4YJMFSNQWK476,Payment,CSSU (charity),"","","",""
10/06/17,15:32:13,Eastern Time (US & Canada),None,Lays Chips,1.0,Regular Price,"","",$0.75,$0.00,$0.75,$0.00,J51FKbfZmgNW6OnfpDViB7seV,ZjmRgHx0qSdfInGJJiF5JQB,CSSU's iPad,"",http://squareup.com/dashboard/sales/transactions/J51FKbfZmgNW6OnfpDViB7seV/by-unit/4YJMFSNQWK476,Payment,CSSU (charity),"","","",""
10/06/17,14:08:56,Eastern Time (US & Canada),Drinks,Water,1.0,"Regular Price, 500ml","","",$0.75,$0.00,$0.75,$0.00,xzKkdphHssU3cz7yh5RAJQxeV,PlIOm7rWnuV1EtHNzUPoRvMF,CSSU's iPad,"",http://squareup.com/dashboard/sales/transactions/xzKkdphHssU3cz7yh5RAJQxeV/by-unit/4YJMFSNQWK476,Payment,CSSU (charity),"","","",""
10/06/17,14:08:56,Eastern Time (US & Canada),None,Ice Cream Sandwich,1.0,Vanilla,"","",$0.50,$0.00,$0.50,$0.00,xzKkdphHssU3cz7yh5RAJQxeV,PlIOm7rWnuV1EtHNzUPoRvMF,CSSU's iPad,"",http://squareup.com/dashboard/sales/transactions/xzKkdphHssU3cz7yh5RAJQxeV/by-unit/4YJMFSNQWK476,Payment,CSSU (charity),"","","",""
10/06/17,14:05:00,Eastern Time (US & Canada),None,Ice Cream Sandwich,1.0,Vanilla,"","",$0.50,$0.00,$0.50,$0.00,9heeGBYCslMXqRuiF1PnxefeV,d5ygrnoVayJQjejVdkGFKQB,CSSU's iPad,"",http://squareup.com/dashboard/sales/transactions/9heeGBYCslMXqRuiF1PnxefeV/by-unit/4YJMFSNQWK476,Payment,CSSU (charity),"","","",""
10/06/17,13:13:04,Eastern Time (US & Canada),None,Ice Cream Sandwich,2.0,Vanilla,"","",$1.00,$0.00,$1.00,$0.00,na8wQvUEL2jVypyG9frHDn7eV,hTqIQ7fbsmJYE9rGLmflKQB,CSSU's iPad,"",http://squareup.com/dashboard/sales/transactions/na8wQvUEL2jVypyG9frHDn7eV/by-unit/4YJMFSNQWK476,Payment,CSSU (charity),"","","",""
10/06/17,11:54:48,Eastern Time (US & Canada),Drinks,Coke,1.0,"Classic, 355ml","","",$0.75,$0.00,$0.75,$0.00,5f4ppTUb7rJvLjufDAAU2N3eV,KS2J6LHv626cES1Z2bou3zMF,CSSU's iPad,"",http://squareup.com/dashboard/sales/transactions/5f4ppTUb7rJvLjufDAAU2N3eV/by-unit/4YJMFSNQWK476,Payment,CSSU (charity),"","","",""
10/06/17,11:54:48,Eastern Time (US & Canada),None,Ice Cream Sandwich,1.0,Vanilla,"","",$0.50,$0.00,$0.50,$0.00,5f4ppTUb7rJvLjufDAAU2N3eV,KS2J6LHv626cES1Z2bou3zMF,CSSU's iPad,"",http://squareup.com/dashboard/sales/transactions/5f4ppTUb7rJvLjufDAAU2N3eV/by-unit/4YJMFSNQWK476,Payment,CSSU (charity),"","","",""
10/05/17,21:34:34,Eastern Time (US & Canada),None,Soylent,1.0,Original,"","",$5.00,$0.00,$5.00,$0.00,HuYJyfiiQROAA18t16X44u8eV,KCLM3LhLmQk6sXwedbTNivMF,CSSU's iPad,"",http://squareup.com/dashboard/sales/transactions/HuYJyfiiQROAA18t16X44u8eV/by-unit/4YJMFSNQWK476,Payment,CSSU (charity),"","","",""
10/05/17,21:34:34,Eastern Time (US & Canada),None,Ice Cream Sandwich,1.0,Vanilla,"","",$0.50,$0.00,$0.50,$0.00,HuYJyfiiQROAA18t16X44u8eV,KCLM3LhLmQk6sXwedbTNivMF,CSSU's iPad,"",http://squareup.com/dashboard/sales/transactions/HuYJyfiiQROAA18t16X44u8eV/by-unit/4YJMFSNQWK476,Payment,CSSU (charity),"","","",""
10/05/17,14:31:47,Eastern Time (US & Canada),None,Ice Cream Sandwich,1.0,Vanilla,"","",$0.50,$0.00,$0.50,$0.00,TEOEOe9nnSxIMBDtQn4WWAjeV,P8JNVVQUOsir9sc9ycKSKQB,CSSU's iPad,"",http://squareup.com/dashboard/sales/transactions/TEOEOe9nnSxIMBDtQn4WWAjeV/by-unit/4YJMFSNQWK476,Payment,CSSU (charity),"","","",""
10/05/17,14:31:47,Eastern Time (US & Canada),None,Ice Cream Sandwich,1.0,Chocolate,"","",$0.50,$0.00,$0.50,$0.00,TEOEOe9nnSxIMBDtQn4WWAjeV,P8JNVVQUOsir9sc9ycKSKQB,CSSU's iPad,"",http://squareup.com/dashboard/sales/transactions/TEOEOe9nnSxIMBDtQn4WWAjeV/by-unit/4YJMFSNQWK476,Payment,CSSU (charity),"","","",""
10/05/17,12:39:13,Eastern Time (US & Canada),Drinks,Coke,1.0,"Diet, 355ml","","",$0.75,$0.00,$0.75,$0.00,XQbi364tR4jFHZHySaNGM8reV,ahyVGjSdrnieQHPYGp70JxMF,CSSU's iPad,"",http://squareup.com/dashboard/sales/transactions/XQbi364tR4jFHZHySaNGM8reV/by-unit/4YJMFSNQWK476,Payment,CSSU (charity),"","","",""
10/05/17,12:39:13,Eastern Time (US & Canada),None,Ice Cream Sandwich,1.0,Vanilla,"","",$0.50,$0.00,$0.50,$0.00,XQbi364tR4jFHZHySaNGM8reV,ahyVGjSdrnieQHPYGp70JxMF,CSSU's iPad,"",http://squareup.com/dashboard/sales/transactions/XQbi364tR4jFHZHySaNGM8reV/by-unit/4YJMFSNQWK476,Payment,CSSU (charity),"","","",""
10/05/17,12:06:08,Eastern Time (US & Canada),Drinks,Coke,1.0,"Classic, 355ml","","",$0.75,$0.00,$0.75,$0.00,X6QOXZXc7jUxUypFrHlscd2eV,xqHCK6DHsCOGMl4wWnBlZwMF,CSSU's iPad,"",http://squareup.com/dashboard/sales/transactions/X6QOXZXc7jUxUypFrHlscd2eV/by-unit/4YJMFSNQWK476,Payment,CSSU (charity),"","","",""
10/05/17,12:06:08,Eastern Time (US & Canada),None,Ice Cream Sandwich,1.0,Vanilla,"","",$0.50,$0.00,$0.50,$0.00,X6QOXZXc7jUxUypFrHlscd2eV,xqHCK6DHsCOGMl4wWnBlZwMF,CSSU's iPad,"",http://squareup.com/dashboard/sales/transactions/X6QOXZXc7jUxUypFrHlscd2eV/by-unit/4YJMFSNQWK476,Payment,CSSU (charity),"","","",""
10/04/17,23:37:22,Eastern Time (US & Canada),None,Ice Cream Sandwich,6.0,Vanilla,"","",$3.00,$0.00,$3.00,$0.00,bgCeHvoLXTL1JW75LSsdIbkeV,owskI4x8F8kftdtaSTzbSxMF,CSSU's iPad,"",http://squareup.com/dashboard/sales/transactions/bgCeHvoLXTL1JW75LSsdIbkeV/by-unit/4YJMFSNQWK476,Payment,CSSU (charity),"","","",""
10/04/17,19:05:59,Eastern Time (US & Canada),None,Ice Cream Sandwich,1.0,Vanilla,"","",$0.50,$0.00,$0.50,$0.00,fKuGDeEVTz27dt09v9k1vbgeV,lvZP9GqwIVfjTL5W244VKQB,CSSU's iPad,"",http://squareup.com/dashboard/sales/transactions/fKuGDeEVTz27dt09v9k1vbgeV/by-unit/4YJMFSNQWK476,Payment,CSSU (charity),"","","",""
10/04/17,17:09:31,Eastern Time (US & Canada),None,Ice Cream Sandwich,2.0,Chocolate,"","",$1.00,$0.00,$1.00,$0.00,rk0OWBaoI4WE2Fvzw84MPT4eV,vgZUtgkDmOtWvFIdXzj3JQB,CSSU's iPad,"",http://squareup.com/dashboard/sales/transactions/rk0OWBaoI4WE2Fvzw84MPT4eV/by-unit/4YJMFSNQWK476,Payment,CSSU (charity),"","","",""
10/04/17,16:58:51,Eastern Time (US & Canada),None,Ice Cream Sandwich,1.0,Chocolate,"","",$0.50,$0.00,$0.50,$0.00,1bZwAZeSfGmufvNpJTWuKeheV,rM4kjQ2bGXE8dNTPjYMnLQB,CSSU's iPad,"",http://squareup.com/dashboard/sales/transactions/1bZwAZeSfGmufvNpJTWuKeheV/by-unit/4YJMFSNQWK476,Payment,CSSU (charity),"","","",""
10/04/17,16:53:27,Eastern Time (US & Canada),None,Ice Cream Sandwich,2.0,Vanilla,"","",$1.00,$0.00,$1.00,$0.00,9lqJTuUaVYn9i49jc4Nd7f6eV,NFWd5Et0Ll2aNNWceMT5JQB,CSSU's iPad,"",http://squareup.com/dashboard/sales/transactions/9lqJTuUaVYn9i49jc4Nd7f6eV/by-unit/4YJMFSNQWK476,Payment,CSSU (charity),"","","",""
10/04/17,16:53:27,Eastern Time (US & Canada),None,Ice Cream Sandwich,2.0,Chocolate,"","",$1.00,$0.00,$1.00,$0.00,9lqJTuUaVYn9i49jc4Nd7f6eV,NFWd5Et0Ll2aNNWceMT5JQB,CSSU's iPad,"",http://squareup.com/dashboard/sales/transactions/9lqJTuUaVYn9i49jc4Nd7f6eV/by-unit/4YJMFSNQWK476,Payment,CSSU (charity),"","","",""
10/04/17,16:51:30,Eastern Time (US & Canada),None,Doritos Chips,1.0,Regular Price,"","",$0.75,$0.00,$0.75,$0.00,9jxdVpnxD8VEF2WZvrsrtG6eV,vop63flDQX9HzqsHuWXsKQB,CSSU's iPad,"",http://squareup.com/dashboard/sales/transactions/9jxdVpnxD8VEF2WZvrsrtG6eV/by-unit/4YJMFSNQWK476,Payment,CSSU (charity),"","","",""
10/04/17,16:51:30,Eastern Time (US & Canada),Drinks,Coke,1.0,"Classic, 355ml","","",$0.75,$0.00,$0.75,$0.00,9jxdVpnxD8VEF2WZvrsrtG6eV,vop63flDQX9HzqsHuWXsKQB,CSSU's iPad,"",http://squareup.com/dashboard/sales/transactions/9jxdVpnxD8VEF2WZvrsrtG6eV/by-unit/4YJMFSNQWK476,Payment,CSSU (charity),"","","",""
10/04/17,16:51:30,Eastern Time (US & Canada),None,Ice Cream Sandwich,1.0,Vanilla,"","",$0.50,$0.00,$0.50,$0.00,9jxdVpnxD8VEF2WZvrsrtG6eV,vop63flDQX9HzqsHuWXsKQB,CSSU's iPad,"",http://squareup.com/dashboard/sales/transactions/9jxdVpnxD8VEF2WZvrsrtG6eV/by-unit/4YJMFSNQWK476,Payment,CSSU (charity),"","","",""
10/04/17,16:25:37,Eastern Time (US & Canada),None,Ice Cream Sandwich,1.0,Vanilla,"","",$0.50,$0.00,$0.50,$0.00,fg3D0JFmKfD8Hi2dI5Z5SS8eV,TMA1515TXz8lv73C8qE7JQB,CSSU's iPad,"",http://squareup.com/dashboard/sales/transactions/fg3D0JFmKfD8Hi2dI5Z5SS8eV/by-unit/4YJMFSNQWK476,Payment,CSSU (charity),"","","",""
10/04/17,14:07:14,Eastern Time (US & Canada),None,Ice Cream Sandwich,1.0,Chocolate,"","",$0.50,$0.00,$0.50,$0.00,HQJ1SsIWcYQGdQdXs1ejM8weV,DCVyCBdlcRPvY2VmAWXsKQB,CSSU's iPad,"",http://squareup.com/dashboard/sales/transactions/HQJ1SsIWcYQGdQdXs1ejM8weV/by-unit/4YJMFSNQWK476,Payment,CSSU (charity),"","","",""
10/04/17,12:51:02,Eastern Time (US & Canada),None,Ice Cream Sandwich,1.0,Chocolate,"","",$0.50,$0.00,$0.50,$0.00,bCx1dCPYW3sdTfv7AE9zhEjeV,pllA1EY9eBRsP55YcDKfKQB,CSSU's iPad,"",http://squareup.com/dashboard/sales/transactions/bCx1dCPYW3sdTfv7AE9zhEjeV/by-unit/4YJMFSNQWK476,Payment,CSSU (charity),"","","",""
10/04/17,11:56:22,Eastern Time (US & Canada),Drinks,Coke,1.0,"Classic, 355ml","","",$0.75,$0.00,$0.75,$0.00,76hhEyfx4jbtibO3OLSTOkleV,aJn32Ernn4AjNzrb5owZvzMF,CSSU's iPad,"",http://squareup.com/dashboard/sales/transactions/76hhEyfx4jbtibO3OLSTOkleV/by-unit/4YJMFSNQWK476,Payment,CSSU (charity),"","","",""
10/04/17,11:56:22,Eastern Time (US & Canada),None,Ice Cream Sandwich,1.0,Vanilla,"","",$0.50,$0.00,$0.50,$0.00,76hhEyfx4jbtibO3OLSTOkleV,aJn32Ernn4AjNzrb5owZvzMF,CSSU's iPad,"",http://squareup.com/dashboard/sales/transactions/76hhEyfx4jbtibO3OLSTOkleV/by-unit/4YJMFSNQWK476,Payment,CSSU (charity),"","","",""
10/03/17,19:02:28,Eastern Time (US & Canada),None,Ice Cream Sandwich,1.0,Vanilla,"","",$0.50,$0.00,$0.50,$0.00,NjL0vAS9cFDWLjLithrXEbkeV,1zds2wsyH1srnQBjFB4MKQB,CSSU's iPad,"",http://squareup.com/dashboard/sales/transactions/NjL0vAS9cFDWLjLithrXEbkeV/by-unit/4YJMFSNQWK476,Payment,CSSU (charity),"","","",""
10/03/17,18:53:32,Eastern Time (US & Canada),None,Ice Cream Sandwich,1.0,Vanilla,"","",$0.50,$0.00,$0.50,$0.00,nE1CwTyM7vBqdtUI4akm3yfeV,F3hRh9jdhDTU2IFfzBLeLQB,CSSU's iPad,"",http://squareup.com/dashboard/sales/transactions/nE1CwTyM7vBqdtUI4akm3yfeV/by-unit/4YJMFSNQWK476,Payment,CSSU (charity),"","","",""
10/03/17,16:48:54,Eastern Time (US & Canada),Drinks,Water,3.0,"Regular Price, 500ml","","",$2.25,$0.00,$2.25,$0.00,DyJwWV2gVGRd7U5N6NSpLloeV,mrjKdoCCQ9K8R3bZNUhAGwMF,CSSU's iPad,"",http://squareup.com/dashboard/sales/transactions/DyJwWV2gVGRd7U5N6NSpLloeV/by-unit/4YJMFSNQWK476,Payment,CSSU (charity),"","","",""
10/03/17,16:48:54,Eastern Time (US & Canada),None,Ice Cream Sandwich,1.0,Vanilla,"","",$0.50,$0.00,$0.50,$0.00,DyJwWV2gVGRd7U5N6NSpLloeV,mrjKdoCCQ9K8R3bZNUhAGwMF,CSSU's iPad,"",http://squareup.com/dashboard/sales/transactions/DyJwWV2gVGRd7U5N6NSpLloeV/by-unit/4YJMFSNQWK476,Payment,CSSU (charity),"","","",""
10/03/17,12:27:55,Eastern Time (US & Canada),None,Ice Cream Sandwich,1.0,Vanilla,"","",$0.50,$0.00,$0.50,$0.00,34pNO3EYgQSXPsmWtJ0RAm4eV,OojgbbnynUmD0UzPZsnfnyMF,CSSU's iPad,"",http://squareup.com/dashboard/sales/transactions/34pNO3EYgQSXPsmWtJ0RAm4eV/by-unit/4YJMFSNQWK476,Payment,CSSU (charity),"","","",""
10/03/17,12:27:55,Eastern Time (US & Canada),Drinks,Coke,1.0,"Classic, 355ml","","",$0.75,$0.00,$0.75,$0.00,34pNO3EYgQSXPsmWtJ0RAm4eV,OojgbbnynUmD0UzPZsnfnyMF,CSSU's iPad,"",http://squareup.com/dashboard/sales/transactions/34pNO3EYgQSXPsmWtJ0RAm4eV/by-unit/4YJMFSNQWK476,Payment,CSSU (charity),"","","",""
10/02/17,19:44:20,Eastern Time (US & Canada),None,Ice Cream Sandwich,2.0,Vanilla,"","",$1.00,$0.00,$1.00,$0.00,bEahL9OCWQYoyvfOYijbGPfeV,vU9xL9w5QefBNp1LWG5XLQB,CSSU's iPad,"",http://squareup.com/dashboard/sales/transactions/bEahL9OCWQYoyvfOYijbGPfeV/by-unit/4YJMFSNQWK476,Payment,CSSU (charity),"","","",""
10/02/17,18:13:32,Eastern Time (US & Canada),None,Ice Cream Sandwich,2.0,Vanilla,"","",$1.00,$0.00,$1.00,$0.00,nmSOZeKbv0N7F1mvEbmtFrkeV,nSY6HQklnHyW9WyAJ1GCLQB,CSSU's iPad,"",http://squareup.com/dashboard/sales/transactions/nmSOZeKbv0N7F1mvEbmtFrkeV/by-unit/4YJMFSNQWK476,Payment,CSSU (charity),"","","",""
10/02/17,15:10:25,Eastern Time (US & Canada),None,Ice Cream Sandwich,1.0,Vanilla,"","",$0.50,$0.00,$0.50,$0.00,RX0oHHNQrgJm0cBGrwbQjCieV,f4vXnZGzejGQlCB5NdG2KQB,CSSU's iPad,"",http://squareup.com/dashboard/sales/transactions/RX0oHHNQrgJm0cBGrwbQjCieV/by-unit/4YJMFSNQWK476,Payment,CSSU (charity),"","","",""
10/02/17,13:21:52,Eastern Time (US & Canada),None,Ice Cream Sandwich,1.0,Vanilla,"","",$0.50,$0.00,$0.50,$0.00,hxN0xhamXsMWmgyTVWDda7feV,xzoVqTPFcVTLFowqG5WBKQB,CSSU's iPad,"",http://squareup.com/dashboard/sales/transactions/hxN0xhamXsMWmgyTVWDda7feV/by-unit/4YJMFSNQWK476,Payment,CSSU (charity),"","","",""
10/02/17,13:20:37,Eastern Time (US & Canada),None,Ice Cream Sandwich,1.0,Vanilla,"","",$0.50,$0.00,$0.50,$0.00,Jxn4oEXdOYbb783e8QN1lyfeV,lfZnfUdblnTQ8DlGUbbOKQB,CSSU's iPad,"",http://squareup.com/dashboard/sales/transactions/Jxn4oEXdOYbb783e8QN1lyfeV/by-unit/4YJMFSNQWK476,Payment,CSSU (charity),"","","",""
10/02/17,13:15:39,Eastern Time (US & Canada),None,Ice Cream Sandwich,1.0,Chocolate Chip,"","",$0.50,$0.00,$0.50,$0.00,hzyMCEioYqiLMDajpRJ4ceAfV,FJ6niceMIVP4tzzmLD7bKQB,CSSU's iPad,"",http://squareup.com/dashboard/sales/transactions/hzyMCEioYqiLMDajpRJ4ceAfV/by-unit/4YJMFSNQWK476,Payment,CSSU (charity),"","","",""
09/30/17,19:13:31,Eastern Time (US & Canada),None,Ice Cream Sandwich,1.0,Chocolate,"","",$0.50,$0.00,$0.50,$0.00,5fKaX0Kt7tNVoxqn1jX88zgeV,JN6Sh2Za8qPWTtykXD00RyMF,CSSU's iPad,"",http://squareup.com/dashboard/sales/transactions/5fKaX0Kt7tNVoxqn1jX88zgeV/by-unit/4YJMFSNQWK476,Payment,CSSU (charity),"","","",""
09/30/17,19:13:31,Eastern Time (US & Canada),Drinks,Water,1.0,"Regular Price, 500ml","","",$0.75,$0.00,$0.75,$0.00,5fKaX0Kt7tNVoxqn1jX88zgeV,JN6Sh2Za8qPWTtykXD00RyMF,CSSU's iPad,"",http://squareup.com/dashboard/sales/transactions/5fKaX0Kt7tNVoxqn1jX88zgeV/by-unit/4YJMFSNQWK476,Payment,CSSU (charity),"","","",""
09/29/17,18:39:20,Eastern Time (US & Canada),None,Ice Cream Sandwich,1.0,Vanilla,"","",$0.50,$0.00,$0.50,$0.00,FjhIU8iOOpUMmNrJLhOVD4peV,JfkHsBaQzXF694wfoYxlLQB,CSSU's iPad,"",http://squareup.com/dashboard/sales/transactions/FjhIU8iOOpUMmNrJLhOVD4peV/by-unit/4YJMFSNQWK476,Payment,CSSU (charity),"","","",""
09/29/17,17:45:58,Eastern Time (US & Canada),None,Ice Cream Sandwich,2.0,Vanilla,"","",$1.00,$0.00,$1.00,$0.00,vE3cCO0FAIEd8nREmuRf1W7eV,Pq6MwgxeCcZXLreJLgUMKQB,CSSU's iPad,"",http://squareup.com/dashboard/sales/transactions/vE3cCO0FAIEd8nREmuRf1W7eV/by-unit/4YJMFSNQWK476,Payment,CSSU (charity),"","","",""
09/29/17,17:35:08,Eastern Time (US & Canada),None,Ice Cream Sandwich,1.0,Chocolate Chip,"","",$0.50,$0.00,$0.50,$0.00,nYfG4gFUJ5oqjwp2QVjcTqieV,D8QN0BwfKMh9p1u9oO2MKQB,CSSU's iPad,"",http://squareup.com/dashboard/sales/transactions/nYfG4gFUJ5oqjwp2QVjcTqieV/by-unit/4YJMFSNQWK476,Payment,CSSU (charity),"","","",""
09/29/17,17:26:50,Eastern Time (US & Canada),None,Ice Cream Sandwich,1.0,Vanilla,"","",$0.50,$0.00,$0.50,$0.00,JHOaaqmeHYs8lUoRzIhllr6eV,lZQYtsiFSOuI4ULJEgZZKQB,CSSU's iPad,"",http://squareup.com/dashboard/sales/transactions/JHOaaqmeHYs8lUoRzIhllr6eV/by-unit/4YJMFSNQWK476,Payment,CSSU (charity),"","","",""
09/29/17,17:20:06,Eastern Time (US & Canada),None,Ice Cream Sandwich,1.0,Chocolate Chip,"","",$0.50,$0.00,$0.50,$0.00,LQkDWmaDAgbhM1pXYbsTlIoeV,Fr7RjQ8WAkYE1NhzBno9KQB,CSSU's iPad,"",http://squareup.com/dashboard/sales/transactions/LQkDWmaDAgbhM1pXYbsTlIoeV/by-unit/4YJMFSNQWK476,Payment,CSSU (charity),"","","",""
09/29/17,14:43:12,Eastern Time (US & Canada),None,Ice Cream Sandwich,3.0,Vanilla,"","",$1.50,$0.00,$1.50,$0.00,jk0XVmoRzEPvGgAQN0KsPxieV,PkZLP6WuEzuzTJLz9nh9JQB,CSSU's iPad,"",http://squareup.com/dashboard/sales/transactions/jk0XVmoRzEPvGgAQN0KsPxieV/by-unit/4YJMFSNQWK476,Payment,CSSU (charity),"","","",""
09/29/17,14:37:04,Eastern Time (US & Canada),None,Ice Cream Sandwich,1.0,Vanilla,"","",$0.50,$0.00,$0.50,$0.00,NXrrDXTsW98eX6afUqMO2N4eV,7IWE0FyPNR6c44lQlfyfKQB,CSSU's iPad,"",http://squareup.com/dashboard/sales/transactions/NXrrDXTsW98eX6afUqMO2N4eV/by-unit/4YJMFSNQWK476,Payment,CSSU (charity),"","","",""
09/29/17,14:20:56,Eastern Time (US & Canada),None,Ice Cream Sandwich,3.0,Chocolate Chip,"","",$1.50,$0.00,$1.50,$0.00,xZHB3m46pYnA31pzMgxpFM2eV,9hsrbGA71VZJjR4hKsgRKQB,CSSU's iPad,"",http://squareup.com/dashboard/sales/transactions/xZHB3m46pYnA31pzMgxpFM2eV/by-unit/4YJMFSNQWK476,Payment,CSSU (charity),"","","",""
09/29/17,14:18:16,Eastern Time (US & Canada),None,Ice Cream Sandwich,1.0,Vanilla,"","",$0.50,$0.00,$0.50,$0.00,jiX7S8OGa36NH1ypNdIVCOjeV,3uo3Aae18lN7rPakOmXPKQB,CSSU's iPad,"",http://squareup.com/dashboard/sales/transactions/jiX7S8OGa36NH1ypNdIVCOjeV/by-unit/4YJMFSNQWK476,Payment,CSSU (charity),"","","",""
09/29/17,14:05:52,Eastern Time (US & Canada),None,Ice Cream Sandwich,1.0,Vanilla,"","",$0.50,$0.00,$0.50,$0.00,ZBdPJlxHA39U6Ynnlcf8LI7eV,VP9paomz5wEEyewxsB5EKQB,CSSU's iPad,"",http://squareup.com/dashboard/sales/transactions/ZBdPJlxHA39U6Ynnlcf8LI7eV/by-unit/4YJMFSNQWK476,Payment,CSSU (charity),"","","",""
09/29/17,14:00:46,Eastern Time (US & Canada),None,Ice Cream Sandwich,2.0,Chocolate,"","",$1.00,$0.00,$1.00,$0.00,Z1rjCPPnSwiP6wfrUGeAQrpeV,BD0L7FRxQXbId1iQKrq8KQB,CSSU's iPad,"",http://squareup.com/dashboard/sales/transactions/Z1rjCPPnSwiP6wfrUGeAQrpeV/by-unit/4YJMFSNQWK476,Payment,CSSU (charity),"","","",""
09/29/17,12:58:55,Eastern Time (US & Canada),None,Ice Cream Sandwich,1.0,Vanilla,"","",$0.50,$0.00,$0.50,$0.00,LoMrlbEtOTrTiadxLlIgJNueV,v6khUc8PBIHD08I68jzmLQB,CSSU's iPad,"",http://squareup.com/dashboard/sales/transactions/LoMrlbEtOTrTiadxLlIgJNueV/by-unit/4YJMFSNQWK476,Payment,CSSU (charity),"","","",""
09/29/17,12:27:31,Eastern Time (US & Canada),None,Ice Cream Sandwich,1.0,Chocolate Chip,"","",$0.50,$0.00,$0.50,$0.00,ZfmeiBNlL9R8enOS5HHLsIreV,x7EXTUMLYkLxOu77jIQeKQB,CSSU's iPad,"",http://squareup.com/dashboard/sales/transactions/ZfmeiBNlL9R8enOS5HHLsIreV/by-unit/4YJMFSNQWK476,Payment,CSSU (charity),"","","",""
09/29/17,12:12:08,Eastern Time (US & Canada),None,Ice Cream Sandwich,2.0,Chocolate,"","",$1.00,$0.00,$1.00,$0.00,Jbulq8Puku4ivdaqv7rYKD0eV,fuxeK7OfPwDa6q780CHkNxMF,CSSU's iPad,"",http://squareup.com/dashboard/sales/transactions/Jbulq8Puku4ivdaqv7rYKD0eV/by-unit/4YJMFSNQWK476,Payment,CSSU (charity),"","","",""
09/29/17,12:10:41,Eastern Time (US & Canada),None,Ice Cream Sandwich,2.0,Chocolate Chip,"","",$1.00,$0.00,$1.00,$0.00,Zb6JUUW74C1SkpA8FPxEbYleV,PFS4lv4cgpl4KauYfRgPasMF,CSSU's iPad,"",http://squareup.com/dashboard/sales/transactions/Zb6JUUW74C1SkpA8FPxEbYleV/by-unit/4YJMFSNQWK476,Payment,CSSU (charity),"","","",""
09/29/17,11:42:22,Eastern Time (US & Canada),None,Ice Cream Sandwich,2.0,Chocolate,"","",$1.00,$0.00,$1.00,$0.00,17VI7QlFBwRu4Wg0hE6JT86eV,pZNxMDFrY4H2p8guzTMILQB,CSSU's iPad,"",http://squareup.com/dashboard/sales/transactions/17VI7QlFBwRu4Wg0hE6JT86eV/by-unit/4YJMFSNQWK476,Payment,CSSU (charity),"","","",""
09/28/17,22:04:13,Eastern Time (US & Canada),None,Ice Cream Sandwich,2.0,Vanilla,"","",$1.00,$0.00,$1.00,$0.00,VBU8Uq9CyQ9yNyDvwmVpYGxeV,NZe0Prikgj1ipg1AxcoALQB,CSSU's iPad,"",http://squareup.com/dashboard/sales/transactions/VBU8Uq9CyQ9yNyDvwmVpYGxeV/by-unit/4YJMFSNQWK476,Payment,CSSU (charity),"","","",""
09/28/17,17:16:18,Eastern Time (US & Canada),None,Ice Cream Sandwich,2.0,Vanilla,"","",$1.00,$0.00,$1.00,$0.00,XoD4TUN610k0E9DFezREBmzeV,Z7lBsjWDpiE3Jed4JXuVYzMF,CSSU's iPad,"",http://squareup.com/dashboard/sales/transactions/XoD4TUN610k0E9DFezREBmzeV/by-unit/4YJMFSNQWK476,Payment,CSSU (charity),"","","",""
09/28/17,16:13:34,Eastern Time (US & Canada),None,Ice Cream Sandwich,2.0,Chocolate Chip,"","",$1.00,$0.00,$1.00,$0.00,bqDgFf12ETChvOGLN0Q2RykeV,UqRNDo8Sv04B8dUYAHzMkvMF,CSSU's iPad,"",http://squareup.com/dashboard/sales/transactions/bqDgFf12ETChvOGLN0Q2RykeV/by-unit/4YJMFSNQWK476,Payment,CSSU (charity),"","","",""
09/28/17,14:01:33,Eastern Time (US & Canada),None,Ice Cream Sandwich,2.0,Vanilla,"","",$1.00,$0.00,$1.00,$0.00,rs6vCXIRnKFedctJAKjIbw0eV,DSZKjjfM6AcCqRvhHMjJLQB,CSSU's iPad,"",http://squareup.com/dashboard/sales/transactions/rs6vCXIRnKFedctJAKjIbw0eV/by-unit/4YJMFSNQWK476,Payment,CSSU (charity),"","","",""
09/27/17,18:22:47,Eastern Time (US & Canada),None,Ice Cream Sandwich,1.0,Vanilla,"","",$0.50,$0.00,$0.50,$0.00,lRmXOanxpugE79wXUnymmt8eV,ZZzEzSxiP4tJHcdID0CjLQB,CSSU's iPad,"",http://squareup.com/dashboard/sales/transactions/lRmXOanxpugE79wXUnymmt8eV/by-unit/4YJMFSNQWK476,Payment,CSSU (charity),"","","",""
09/27/17,17:23:00,Eastern Time (US & Canada),None,Ice Cream Sandwich,1.0,Vanilla,"","",$0.50,$0.00,$0.50,$0.00,ravIDjPLlEDmbVvO62yWiE5eV,hlhRhbRwjnUTsLe5NrhjLQB,CSSU's iPad,"",http://squareup.com/dashboard/sales/transactions/ravIDjPLlEDmbVvO62yWiE5eV/by-unit/4YJMFSNQWK476,Payment,CSSU (charity),"","","",""
09/27/17,14:57:57,Eastern Time (US & Canada),Drinks,Coke,1.0,"Classic, 355ml","","",$0.75,$0.00,$0.75,$0.00,V1AnzTGGH6wuS6LCoDxwmz8eV,dXrfmElLWsf8shgvnIiOLQB,CSSU's iPad,"",http://squareup.com/dashboard/sales/transactions/V1AnzTGGH6wuS6LCoDxwmz8eV/by-unit/4YJMFSNQWK476,Payment,CSSU (charity),"","","",""
09/27/17,14:57:57,Eastern Time (US & Canada),None,Ice Cream Sandwich,1.0,Vanilla,"","",$0.50,$0.00,$0.50,$0.00,V1AnzTGGH6wuS6LCoDxwmz8eV,dXrfmElLWsf8shgvnIiOLQB,CSSU's iPad,"",http://squareup.com/dashboard/sales/transactions/V1AnzTGGH6wuS6LCoDxwmz8eV/by-unit/4YJMFSNQWK476,Payment,CSSU (charity),"","","",""
09/27/17,13:57:24,Eastern Time (US & Canada),None,Ice Cream Sandwich,1.0,Vanilla,"","",$0.50,$0.00,$0.50,$0.00,NdkOP1WIgFlrSajAskR1THzeV,ziHrfThMq1EqGQFv40u6KQB,CSSU's iPad,"",http://squareup.com/dashboard/sales/transactions/NdkOP1WIgFlrSajAskR1THzeV/by-unit/4YJMFSNQWK476,Payment,CSSU (charity),"","","",""
09/27/17,12:54:18,Eastern Time (US & Canada),None,Ice Cream Sandwich,1.0,Chocolate Chip,"","",$0.50,$0.00,$0.50,$0.00,XEx0FsMmVQTz3llmVZcApbmeV,QNlYQ2Mu2L52fSQNUQagLyMF,CSSU's iPad,"",http://squareup.com/dashboard/sales/transactions/XEx0FsMmVQTz3llmVZcApbmeV/by-unit/4YJMFSNQWK476,Payment,CSSU (charity),"","","",""
09/27/17,12:54:18,Eastern Time (US & Canada),Drinks,Water,1.0,"Regular Price, 500ml","","",$0.75,$0.00,$0.75,$0.00,XEx0FsMmVQTz3llmVZcApbmeV,QNlYQ2Mu2L52fSQNUQagLyMF,CSSU's iPad,"",http://squareup.com/dashboard/sales/transactions/XEx0FsMmVQTz3llmVZcApbmeV/by-unit/4YJMFSNQWK476,Payment,CSSU (charity),"","","",""
09/27/17,11:34:52,Eastern Time (US & Canada),None,Ice Cream Sandwich,3.0,Vanilla,"","",$1.50,$0.00,$1.50,$0.00,5JzohYgIHpcOEW8UNL0dnMueV,JDgMeghcSwwtMTLHKsX6JQB,CSSU's iPad,"",http://squareup.com/dashboard/sales/transactions/5JzohYgIHpcOEW8UNL0dnMueV/by-unit/4YJMFSNQWK476,Payment,CSSU (charity),"","","",""
09/26/17,20:23:56,Eastern Time (US & Canada),None,Ice Cream Sandwich,2.0,Vanilla,"","",$1.00,$0.00,$1.00,$0.00,pt77ARi9xny8a8qs844ZiAteV,jqNocoiN06pCa0eZdY5zKQB,CSSU's iPad,"",http://squareup.com/dashboard/sales/transactions/pt77ARi9xny8a8qs844ZiAteV/by-unit/4YJMFSNQWK476,Payment,CSSU (charity),"","","",""
09/26/17,15:18:54,Eastern Time (US & Canada),Drinks,Water,2.0,"Regular Price, 500ml","","",$1.50,$0.00,$1.50,$0.00,fGyJxP30dXPP0rBKGVSEIQfeV,JDSt2UcXiOcyYK59aO0FLQB,CSSU's iPad,"",http://squareup.com/dashboard/sales/transactions/fGyJxP30dXPP0rBKGVSEIQfeV/by-unit/4YJMFSNQWK476,Payment,CSSU (charity),"","","",""
09/26/17,15:18:54,Eastern Time (US & Canada),None,Ice Cream Sandwich,1.0,Vanilla,"","",$0.50,$0.00,$0.50,$0.00,fGyJxP30dXPP0rBKGVSEIQfeV,JDSt2UcXiOcyYK59aO0FLQB,CSSU's iPad,"",http://squareup.com/dashboard/sales/transactions/fGyJxP30dXPP0rBKGVSEIQfeV/by-unit/4YJMFSNQWK476,Payment,CSSU (charity),"","","",""
09/26/17,13:15:20,Eastern Time (US & Canada),None,Ice Cream Sandwich,1.0,Vanilla,"","",$0.50,$0.00,$0.50,$0.00,PMFfxnBhfwdP9MsXgh79eLueV,Pc5nUcfyGbQvl1K7ylErKQB,CSSU's iPad,"",http://squareup.com/dashboard/sales/transactions/PMFfxnBhfwdP9MsXgh79eLueV/by-unit/4YJMFSNQWK476,Payment,CSSU (charity),"","","",""
09/26/17,13:13:18,Eastern Time (US & Canada),None,Ice Cream Sandwich,2.0,Vanilla,"","",$1.00,$0.00,$1.00,$0.00,9dYqBVLHG0NWKgNVm1Dz4gzeV,DS5AavAc18Za3HuwCyIvJQB,CSSU's iPad,"",http://squareup.com/dashboard/sales/transactions/9dYqBVLHG0NWKgNVm1Dz4gzeV/by-unit/4YJMFSNQWK476,Payment,CSSU (charity),"","","",""
09/26/17,12:53:21,Eastern Time (US & Canada),Drinks,Coke,1.0,"Zero, 355ml","","",$0.75,$0.00,$0.75,$0.00,TEMVHidWtfrihC8NQCePKTveV,LsOazwitXkuwmM0eqrheuvMF,CSSU's iPad,"",http://squareup.com/dashboard/sales/transactions/TEMVHidWtfrihC8NQCePKTveV/by-unit/4YJMFSNQWK476,Payment,CSSU (charity),"","","",""
09/26/17,12:53:21,Eastern Time (US & Canada),None,Ice Cream Sandwich,1.0,Vanilla,"","",$0.50,$0.00,$0.50,$0.00,TEMVHidWtfrihC8NQCePKTveV,LsOazwitXkuwmM0eqrheuvMF,CSSU's iPad,"",http://squareup.com/dashboard/sales/transactions/TEMVHidWtfrihC8NQCePKTveV/by-unit/4YJMFSNQWK476,Payment,CSSU (charity),"","","",""
09/26/17,11:54:54,Eastern Time (US & Canada),None,Ice Cream Sandwich,2.0,Vanilla,"","",$1.00,$0.00,$1.00,$0.00,tHDBsxQV1npk59Lh6CYYLx8eV,PGCPvu5tCqUVXe4y6hgnKQB,CSSU's iPad,"",http://squareup.com/dashboard/sales/transactions/tHDBsxQV1npk59Lh6CYYLx8eV/by-unit/4YJMFSNQWK476,Payment,CSSU (charity),"","","",""
09/25/17,23:03:49,Eastern Time (US & Canada),None,Ice Cream Sandwich,2.0,Vanilla,"","",$1.00,$0.00,$1.00,$0.00,naKPmqBphCuLGC3knaz36lkeV,1vR91mWOiK3eGK4RxLpOLQB,CSSU's iPad,"",http://squareup.com/dashboard/sales/transactions/naKPmqBphCuLGC3knaz36lkeV/by-unit/4YJMFSNQWK476,Payment,CSSU (charity),"","","",""
09/25/17,22:56:23,Eastern Time (US & Canada),None,Ice Cream Sandwich,1.0,Vanilla,"","",$0.50,$0.00,$0.50,$0.00,hVlLDhsHcnOuXYEGtgv5OUseV,PGWR9p4Q8eYFCgYdDICOKQB,CSSU's iPad,"",http://squareup.com/dashboard/sales/transactions/hVlLDhsHcnOuXYEGtgv5OUseV/by-unit/4YJMFSNQWK476,Payment,CSSU (charity),"","","",""
09/25/17,22:56:23,Eastern Time (US & Canada),None,Ice Cream Sandwich,1.0,Chocolate,"","",$0.50,$0.00,$0.50,$0.00,hVlLDhsHcnOuXYEGtgv5OUseV,PGWR9p4Q8eYFCgYdDICOKQB,CSSU's iPad,"",http://squareup.com/dashboard/sales/transactions/hVlLDhsHcnOuXYEGtgv5OUseV/by-unit/4YJMFSNQWK476,Payment,CSSU (charity),"","","",""
09/25/17,17:17:07,Eastern Time (US & Canada),None,Ice Cream Sandwich,2.0,Vanilla,"","",$1.00,$0.00,$1.00,$0.00,fSMBO0cwATIvMvOjVcO1t6ueV,4O3HYGRiWY7bVZcovD0SctMF,CSSU's iPad,"",http://squareup.com/dashboard/sales/transactions/fSMBO0cwATIvMvOjVcO1t6ueV/by-unit/4YJMFSNQWK476,Payment,CSSU (charity),"","","",""
09/25/17,16:04:22,Eastern Time (US & Canada),None,Ice Cream Sandwich,1.0,Vanilla,"","",$0.50,$0.00,$0.50,$0.00,nIrsM1GQ9uTtuYAJhyGizO3eV,Pkx1mOKWZORQsIGKtArNLQB,CSSU's iPad,"",http://squareup.com/dashboard/sales/transactions/nIrsM1GQ9uTtuYAJhyGizO3eV/by-unit/4YJMFSNQWK476,Payment,CSSU (charity),"","","",""
09/25/17,14:23:12,Eastern Time (US & Canada),None,Ice Cream Sandwich,1.0,Vanilla,"","",$0.50,$0.00,$0.50,$0.00,r0Gtj7PuRF0rMwObGa99KR7eV,jOZhGMtYQA7kqaLD19FkLQB,CSSU's iPad,"",http://squareup.com/dashboard/sales/transactions/r0Gtj7PuRF0rMwObGa99KR7eV/by-unit/4YJMFSNQWK476,Payment,CSSU (charity),"","","",""
09/25/17,14:03:34,Eastern Time (US & Canada),Drinks,Coke,1.0,"Zero, 355ml","","",$0.75,$0.00,$0.75,$0.00,z0ML62a2fRGG1462npUKyGheV,O7slhp0PF47RD3ZaLEg9pwMF,CSSU's iPad,"",http://squareup.com/dashboard/sales/transactions/z0ML62a2fRGG1462npUKyGheV/by-unit/4YJMFSNQWK476,Payment,CSSU (charity),"","","",""
09/25/17,14:03:34,Eastern Time (US & Canada),None,Ice Cream Sandwich,1.0,Vanilla,"","",$0.50,$0.00,$0.50,$0.00,z0ML62a2fRGG1462npUKyGheV,O7slhp0PF47RD3ZaLEg9pwMF,CSSU's iPad,"",http://squareup.com/dashboard/sales/transactions/z0ML62a2fRGG1462npUKyGheV/by-unit/4YJMFSNQWK476,Payment,CSSU (charity),"","","",""
09/25/17,13:57:18,Eastern Time (US & Canada),None,Ice Cream Sandwich,1.0,Vanilla,"","",$0.50,$0.00,$0.50,$0.00,fi4ryO1zTLdXCPENN8gQmcseV,j6HBaRdGXbnF4XPJy1SZKQB,CSSU's iPad,"",http://squareup.com/dashboard/sales/transactions/fi4ryO1zTLdXCPENN8gQmcseV/by-unit/4YJMFSNQWK476,Payment,CSSU (charity),"","","",""
09/25/17,13:19:39,Eastern Time (US & Canada),None,Ice Cream Sandwich,1.0,Vanilla,"","",$0.50,$0.00,$0.50,$0.00,zeXUBOIvUzBkrd1zaAcOcRleV,9tKZwWZMr0eNkp0NtUpIKQB,CSSU's iPad,"",http://squareup.com/dashboard/sales/transactions/zeXUBOIvUzBkrd1zaAcOcRleV/by-unit/4YJMFSNQWK476,Payment,CSSU (charity),"","","",""
09/25/17,13:07:07,Eastern Time (US & Canada),None,Ice Cream Sandwich,1.0,Chocolate,"","",$0.50,$0.00,$0.50,$0.00,7SxdDdibLvVLlPGUfiLkkBxeV,FvLCG9jquBhS87X8iI0RLQB,CSSU's iPad,"",http://squareup.com/dashboard/sales/transactions/7SxdDdibLvVLlPGUfiLkkBxeV/by-unit/4YJMFSNQWK476,Payment,CSSU (charity),"","","",""
09/25/17,12:37:07,Eastern Time (US & Canada),Drinks,Coke,1.0,"Zero, 355ml","","",$0.75,$0.00,$0.75,$0.00,f6QHdux1ojHTJGdQW19RlZAfV,dQscapSvX48Bq9ZtKqMTfvMF,CSSU's iPad,"",http://squareup.com/dashboard/sales/transactions/f6QHdux1ojHTJGdQW19RlZAfV/by-unit/4YJMFSNQWK476,Payment,CSSU (charity),"","","",""
09/25/17,12:37:07,Eastern Time (US & Canada),None,Ice Cream Sandwich,1.0,Vanilla,"","",$0.50,$0.00,$0.50,$0.00,f6QHdux1ojHTJGdQW19RlZAfV,dQscapSvX48Bq9ZtKqMTfvMF,CSSU's iPad,"",http://squareup.com/dashboard/sales/transactions/f6QHdux1ojHTJGdQW19RlZAfV/by-unit/4YJMFSNQWK476,Payment,CSSU (charity),"","","",""
09/25/17,12:20:05,Eastern Time (US & Canada),None,Ice Cream Sandwich,2.0,Vanilla,"","",$1.00,$0.00,$1.00,$0.00,RPkYSLTgrAr9kwec4vw5Rd2eV,Zlxm2W1jXRLxJ3LIMspAKQB,CSSU's iPad,"",http://squareup.com/dashboard/sales/transactions/RPkYSLTgrAr9kwec4vw5Rd2eV/by-unit/4YJMFSNQWK476,Payment,CSSU (charity),"","","",""
09/24/17,21:55:56,Eastern Time (US & Canada),None,Ice Cream Sandwich,1.0,Vanilla,"","",$0.50,$0.00,$0.50,$0.00,h3U8gpBEmx2o88PUga9Pu9heV,LGLlkEJFLJIRZebDAOA7KQB,CSSU's iPad,"",http://squareup.com/dashboard/sales/transactions/h3U8gpBEmx2o88PUga9Pu9heV/by-unit/4YJMFSNQWK476,Payment,CSSU (charity),"","","",""
09/24/17,21:52:32,Eastern Time (US & Canada),None,Ice Cream Sandwich,1.0,Vanilla,"","",$0.50,$0.00,$0.50,$0.00,7OhennVo062ukmFJcmXq9MseV,38dm234FuJB0uF0XF3nlKQB,CSSU's iPad,"",http://squareup.com/dashboard/sales/transactions/7OhennVo062ukmFJcmXq9MseV/by-unit/4YJMFSNQWK476,Payment,CSSU (charity),"","","",""
09/24/17,20:46:23,Eastern Time (US & Canada),None,Ice Cream Sandwich,2.0,Vanilla,"","",$1.00,$0.00,$1.00,$0.00,FrT7CSFOyrjPGwY9Ope1PK6eV,ckkF8YfjDHKqGAeAVbE2qyMF,CSSU's iPad,"",http://squareup.com/dashboard/sales/transactions/FrT7CSFOyrjPGwY9Ope1PK6eV/by-unit/4YJMFSNQWK476,Payment,CSSU (charity),"","","",""
09/23/17,16:12:35,Eastern Time (US & Canada),None,Ice Cream Sandwich,1.0,Vanilla,"","",$0.50,$0.00,$0.50,$0.00,Vftjp8pNbJfvwDSn9IA2clpeV,P2G1DsVdN474bzalgVaBLQB,CSSU's iPad,"",http://squareup.com/dashboard/sales/transactions/Vftjp8pNbJfvwDSn9IA2clpeV/by-unit/4YJMFSNQWK476,Payment,CSSU (charity),"","","",""
09/23/17,14:23:52,Eastern Time (US & Canada),None,Ice Cream Sandwich,1.0,Chocolate,"","",$0.50,$0.00,$0.50,$0.00,LyPoEBHGyDrrkPohXe46PY0eV,XqSJwOmAF4VTYrW9T2NxKQB,CSSU's iPad,"",http://squareup.com/dashboard/sales/transactions/LyPoEBHGyDrrkPohXe46PY0eV/by-unit/4YJMFSNQWK476,Payment,CSSU (charity),"","","",""
09/22/17,16:49:23,Eastern Time (US & Canada),None,Ice Cream Sandwich,2.0,Vanilla,"","",$1.00,$0.00,$1.00,$0.00,7g0tg15i8K47Lr1ZgNII8ereV,DC3FbVfeqoC9HxgT1L4cKQB,CSSU's iPad,"",http://squareup.com/dashboard/sales/transactions/7g0tg15i8K47Lr1ZgNII8ereV/by-unit/4YJMFSNQWK476,Payment,CSSU (charity),"","","",""
09/22/17,16:32:08,Eastern Time (US & Canada),None,Ice Cream Sandwich,1.0,Vanilla,"","",$0.50,$0.00,$0.50,$0.00,BfgCrrxJ4etONGGmLBYHP0meV,t9a5bS0O3GW8l6PpdtjnKQB,CSSU's iPad,"",http://squareup.com/dashboard/sales/transactions/BfgCrrxJ4etONGGmLBYHP0meV/by-unit/4YJMFSNQWK476,Payment,CSSU (charity),"","","",""
09/22/17,16:18:24,Eastern Time (US & Canada),None,Ice Cream Sandwich,2.0,Vanilla,"","",$1.00,$0.00,$1.00,$0.00,nCs4RpioJNK9uc2gY9QPR3keV,vOeFoRrC2h2dwCOnUWh7JQB,CSSU's iPad,"",http://squareup.com/dashboard/sales/transactions/nCs4RpioJNK9uc2gY9QPR3keV/by-unit/4YJMFSNQWK476,Payment,CSSU (charity),"","","",""
09/22/17,15:13:17,Eastern Time (US & Canada),None,Ice Cream Sandwich,1.0,Chocolate,"","",$0.50,$0.00,$0.50,$0.00,Nb1Hz9ZKtfueaoTyc9jTsGkeV,ZXWe5nTz8G6Tx7rrba8zJQB,CSSU's iPad,"",http://squareup.com/dashboard/sales/transactions/Nb1Hz9ZKtfueaoTyc9jTsGkeV/by-unit/4YJMFSNQWK476,Payment,CSSU (charity),"","","",""
09/22/17,15:07:20,Eastern Time (US & Canada),None,Ice Cream Sandwich,1.0,Chocolate,"","",$0.50,$0.00,$0.50,$0.00,nQXkUO3NMSaOY28hwGuH3A9eV,z6jtaAmtLnfp2yUTw4vlKQB,CSSU's iPad,"",http://squareup.com/dashboard/sales/transactions/nQXkUO3NMSaOY28hwGuH3A9eV/by-unit/4YJMFSNQWK476,Payment,CSSU (charity),"","","",""
09/22/17,14:04:33,Eastern Time (US & Canada),None,Ice Cream Sandwich,1.0,Chocolate,"","",$0.50,$0.00,$0.50,$0.00,ZjKXy1ykTJOKnME323zrECveV,U7v0Tc8aKqsu4p9q9Qt2esMF,CSSU's iPad,"",http://squareup.com/dashboard/sales/transactions/ZjKXy1ykTJOKnME323zrECveV/by-unit/4YJMFSNQWK476,Payment,CSSU (charity),"","","",""
09/22/17,14:04:33,Eastern Time (US & Canada),Drinks,Coke,1.0,"Diet, 355ml","","",$0.75,$0.00,$0.75,$0.00,ZjKXy1ykTJOKnME323zrECveV,U7v0Tc8aKqsu4p9q9Qt2esMF,CSSU's iPad,"",http://squareup.com/dashboard/sales/transactions/ZjKXy1ykTJOKnME323zrECveV/by-unit/4YJMFSNQWK476,Payment,CSSU (charity),"","","",""
09/21/17,18:47:58,Eastern Time (US & Canada),None,Ice Cream Sandwich,2.0,Vanilla,"","",$1.00,$0.00,$1.00,$0.00,XmgNgreP4ts8UHCPCKoTB0meV,ZdVaqiShbFRxzDn4QDQWLQB,CSSU's iPad,"",http://squareup.com/dashboard/sales/transactions/XmgNgreP4ts8UHCPCKoTB0meV/by-unit/4YJMFSNQWK476,Payment,CSSU (charity),"","","",""
09/21/17,17:19:45,Eastern Time (US & Canada),None,Ice Cream Sandwich,1.0,Chocolate Chip,"","",$0.50,$0.00,$0.50,$0.00,dz5vSmfcViesynswS8E6PBgeV,Z70sDalW2ObjgfsVeK8xKQB,CSSU's iPad,"",http://squareup.com/dashboard/sales/transactions/dz5vSmfcViesynswS8E6PBgeV/by-unit/4YJMFSNQWK476,Payment,CSSU (charity),"","","",""
09/21/17,16:26:02,Eastern Time (US & Canada),None,Ice Cream Sandwich,2.0,Chocolate,"","",$1.00,$0.00,$1.00,$0.00,tzplUkjfz8rjVKv9bebK7TieV,S4NlPw7cI5QQlOp9YfnnfvMF,CSSU's iPad,"",http://squareup.com/dashboard/sales/transactions/tzplUkjfz8rjVKv9bebK7TieV/by-unit/4YJMFSNQWK476,Payment,CSSU (charity),"","","",""
09/20/17,19:22:59,Eastern Time (US & Canada),None,Ice Cream Sandwich,1.0,Chocolate,"","",$0.50,$0.00,$0.50,$0.00,hnWh2CiTRZqQkQ89IFZmBpteV,n6uVwKsyAMrjTTQjbBjBKQB,CSSU's iPad,"",http://squareup.com/dashboard/sales/transactions/hnWh2CiTRZqQkQ89IFZmBpteV/by-unit/4YJMFSNQWK476,Payment,CSSU (charity),"","","",""
09/20/17,17:22:02,Eastern Time (US & Canada),None,Ice Cream Sandwich,3.0,Vanilla,"","",$1.50,$0.00,$1.50,$0.00,H8p0hXnLdV5L1FsM5Xvvp5keV,LEkoLM0fK2WPp0r9WLM6JQB,CSSU's iPad,"",http://squareup.com/dashboard/sales/transactions/H8p0hXnLdV5L1FsM5Xvvp5keV/by-unit/4YJMFSNQWK476,Payment,CSSU (charity),"","","",""
09/20/17,17:01:16,Eastern Time (US & Canada),None,Ice Cream Sandwich,1.0,Chocolate,"","",$0.50,$0.00,$0.50,$0.00,RZrLvjiB69M0D3Ivmk3veRneV,DA4I6G0TCnXRKgbR0Cd9KQB,CSSU's iPad,"",http://squareup.com/dashboard/sales/transactions/RZrLvjiB69M0D3Ivmk3veRneV/by-unit/4YJMFSNQWK476,Payment,CSSU (charity),"","","",""
09/20/17,14:59:58,Eastern Time (US & Canada),Drinks,Water,1.0,"Regular Price, 500ml","","",$0.75,$0.00,$0.75,$0.00,BRhMSFPpmdcagW7DobwKc57eV,QLlgbYemoOxWrdaKhVKpXsMF,CSSU's iPad,"",http://squareup.com/dashboard/sales/transactions/BRhMSFPpmdcagW7DobwKc57eV/by-unit/4YJMFSNQWK476,Payment,CSSU (charity),"","","",""
09/20/17,14:59:58,Eastern Time (US & Canada),None,Ice Cream Sandwich,1.0,Chocolate,"","",$0.50,$0.00,$0.50,$0.00,BRhMSFPpmdcagW7DobwKc57eV,QLlgbYemoOxWrdaKhVKpXsMF,CSSU's iPad,"",http://squareup.com/dashboard/sales/transactions/BRhMSFPpmdcagW7DobwKc57eV/by-unit/4YJMFSNQWK476,Payment,CSSU (charity),"","","",""
09/20/17,14:53:30,Eastern Time (US & Canada),None,Ice Cream Sandwich,1.0,Chocolate,"","",$0.50,$0.00,$0.50,$0.00,BZlexwbzcbbzoD8qCxdKP1leV,7mtWnNNRDvdNML6jcrtnKQB,CSSU's iPad,"",http://squareup.com/dashboard/sales/transactions/BZlexwbzcbbzoD8qCxdKP1leV/by-unit/4YJMFSNQWK476,Payment,CSSU (charity),"","","",""
09/20/17,13:56:26,Eastern Time (US & Canada),None,Ice Cream Sandwich,1.0,Vanilla,"","",$0.50,$0.00,$0.50,$0.00,xHG1PoxPvjlbIcpLxjVy1T4eV,TOPWuRRco5CJUsArXLGzJQB,CSSU's iPad,"",http://squareup.com/dashboard/sales/transactions/xHG1PoxPvjlbIcpLxjVy1T4eV/by-unit/4YJMFSNQWK476,Payment,CSSU (charity),"","","",""
09/20/17,13:50:36,Eastern Time (US & Canada),None,Ice Cream Sandwich,4.0,Chocolate Chip,"","",$2.00,$0.00,$2.00,$0.00,by1h4Qe44uDxRBc7tuJk0HreV,bguQFXOirlYvoKlW69EkLQB,CSSU's iPad,"",http://squareup.com/dashboard/sales/transactions/by1h4Qe44uDxRBc7tuJk0HreV/by-unit/4YJMFSNQWK476,Payment,CSSU (charity),"","","",""
09/20/17,13:30:12,Eastern Time (US & Canada),None,Ice Cream Sandwich,1.0,Vanilla,"","",$0.50,$0.00,$0.50,$0.00,NR0rYpgI6q3AiA2fYsONEnoeV,TciQoPisrOHf28BmeAveLQB,CSSU's iPad,"",http://squareup.com/dashboard/sales/transactions/NR0rYpgI6q3AiA2fYsONEnoeV/by-unit/4YJMFSNQWK476,Payment,CSSU (charity),"","","",""
09/20/17,13:30:12,Eastern Time (US & Canada),None,Ice Cream Sandwich,1.0,Chocolate Chip,"","",$0.50,$0.00,$0.50,$0.00,NR0rYpgI6q3AiA2fYsONEnoeV,TciQoPisrOHf28BmeAveLQB,CSSU's iPad,"",http://squareup.com/dashboard/sales/transactions/NR0rYpgI6q3AiA2fYsONEnoeV/by-unit/4YJMFSNQWK476,Payment,CSSU (charity),"","","",""
09/20/17,12:44:54,Eastern Time (US & Canada),None,Ice Cream Sandwich,2.0,Chocolate,"","",$1.00,$0.00,$1.00,$0.00,H0tWMZvkyQOmgq3mXmiqLUzeV,Dd5p4QDP7PGEnkIxQyOOnuMF,CSSU's iPad,"",http://squareup.com/dashboard/sales/transactions/H0tWMZvkyQOmgq3mXmiqLUzeV/by-unit/4YJMFSNQWK476,Payment,CSSU (charity),"","","",""
09/19/17,17:13:45,Eastern Time (US & Canada),None,Ice Cream Sandwich,1.0,Vanilla,"","",$0.50,$0.00,$0.50,$0.00,NR6u0Rhup4pI2GBrrY73ir8eV,zmPA8d3bccXFewyx76FeLQB,CSSU's iPad,"",http://squareup.com/dashboard/sales/transactions/NR6u0Rhup4pI2GBrrY73ir8eV/by-unit/4YJMFSNQWK476,Payment,CSSU (charity),"","","",""
09/19/17,17:11:52,Eastern Time (US & Canada),None,Ice Cream Sandwich,2.0,Vanilla,"","",$1.00,$0.00,$1.00,$0.00,95CAHupivq3M8IanuLWuReoeV,tN6hbd36wWJDYvl4O0sAKQB,CSSU's iPad,"",http://squareup.com/dashboard/sales/transactions/95CAHupivq3M8IanuLWuReoeV/by-unit/4YJMFSNQWK476,Payment,CSSU (charity),"","","",""
09/19/17,12:08:27,Eastern Time (US & Canada),Drinks,Water,1.0,"Regular Price, 500ml","","",$0.75,$0.00,$0.75,$0.00,D2xVdEMV4fOXFRtso9kf483eV,XmnuCfjYYibPrZATU0LSXuMF,CSSU's iPad,"",http://squareup.com/dashboard/sales/transactions/D2xVdEMV4fOXFRtso9kf483eV/by-unit/4YJMFSNQWK476,Payment,CSSU (charity),"","","",""
09/19/17,12:08:27,Eastern Time (US & Canada),None,Ice Cream Sandwich,1.0,Vanilla,"","",$0.50,$0.00,$0.50,$0.00,D2xVdEMV4fOXFRtso9kf483eV,XmnuCfjYYibPrZATU0LSXuMF,CSSU's iPad,"",http://squareup.com/dashboard/sales/transactions/D2xVdEMV4fOXFRtso9kf483eV/by-unit/4YJMFSNQWK476,Payment,CSSU (charity),"","","",""
09/18/17,17:26:18,Eastern Time (US & Canada),None,Ice Cream Sandwich,1.0,Chocolate,"","",$0.50,$0.00,$0.50,$0.00,jaD7qQzWQjSOQ3YR8ALH9mueV,dvTTfnRNh9enTxdYxYRoKQB,CSSU's iPad,"",http://squareup.com/dashboard/sales/transactions/jaD7qQzWQjSOQ3YR8ALH9mueV/by-unit/4YJMFSNQWK476,Payment,CSSU (charity),"","","",""
09/18/17,17:23:09,Eastern Time (US & Canada),None,Ice Cream Sandwich,1.0,Chocolate Chip,"","",$0.50,$0.00,$0.50,$0.00,jA4sM3sxnEDpfV7bKYYYRmieV,7yFvBSTJ4brdYgfrRA9ELQB,CSSU's iPad,"",http://squareup.com/dashboard/sales/transactions/jA4sM3sxnEDpfV7bKYYYRmieV/by-unit/4YJMFSNQWK476,Payment,CSSU (charity),"","","",""
09/18/17,17:23:09,Eastern Time (US & Canada),None,Ice Cream Sandwich,1.0,Vanilla,"","",$0.50,$0.00,$0.50,$0.00,jA4sM3sxnEDpfV7bKYYYRmieV,7yFvBSTJ4brdYgfrRA9ELQB,CSSU's iPad,"",http://squareup.com/dashboard/sales/transactions/jA4sM3sxnEDpfV7bKYYYRmieV/by-unit/4YJMFSNQWK476,Payment,CSSU (charity),"","","",""
09/18/17,16:26:41,Eastern Time (US & Canada),None,Ice Cream Sandwich,2.0,Vanilla,"","",$1.00,$0.00,$1.00,$0.00,HCoIUDZMVyy8xQGDkPIxrKqeV,7mXVQDR83k79eIYdLoGxJQB,CSSU's iPad,"",http://squareup.com/dashboard/sales/transactions/HCoIUDZMVyy8xQGDkPIxrKqeV/by-unit/4YJMFSNQWK476,Payment,CSSU (charity),"","","",""
09/18/17,16:01:37,Eastern Time (US & Canada),Drinks,Coke,1.0,"Classic, 355ml","","",$0.75,$0.00,$0.75,$0.00,rOrVbEznNat4iSPF5LUJAHseV,O5p3jUsGIaf0fCO4McnrFuMF,CSSU's iPad,"",http://squareup.com/dashboard/sales/transactions/rOrVbEznNat4iSPF5LUJAHseV/by-unit/4YJMFSNQWK476,Payment,CSSU (charity),"","","",""
09/18/17,16:01:37,Eastern Time (US & Canada),None,Ice Cream Sandwich,1.0,Vanilla,"","",$0.50,$0.00,$0.50,$0.00,rOrVbEznNat4iSPF5LUJAHseV,O5p3jUsGIaf0fCO4McnrFuMF,CSSU's iPad,"",http://squareup.com/dashboard/sales/transactions/rOrVbEznNat4iSPF5LUJAHseV/by-unit/4YJMFSNQWK476,Payment,CSSU (charity),"","","",""
09/18/17,16:01:07,Eastern Time (US & Canada),None,Ice Cream Sandwich,1.0,Chocolate Chip,"","",$0.50,$0.00,$0.50,$0.00,fqIflGIcrQCiE49ty26Iz23eV,zEENLcYwcmUGbR68J12yJQB,CSSU's iPad,"",http://squareup.com/dashboard/sales/transactions/fqIflGIcrQCiE49ty26Iz23eV/by-unit/4YJMFSNQWK476,Payment,CSSU (charity),"","","",""
09/18/17,14:36:52,Eastern Time (US & Canada),None,Ice Cream Sandwich,1.0,Chocolate Chip,"","",$0.50,$0.00,$0.50,$0.00,hJHVChLDmZKGzRmnidCMekmeV,9p2A0GEDA6LItBgf6K6uJQB,CSSU's iPad,"",http://squareup.com/dashboard/sales/transactions/hJHVChLDmZKGzRmnidCMekmeV/by-unit/4YJMFSNQWK476,Payment,CSSU (charity),"","","",""
09/18/17,14:35:23,Eastern Time (US & Canada),None,Ice Cream Sandwich,1.0,Chocolate Chip,"","",$0.50,$0.00,$0.50,$0.00,V7bxGhQvZSA6prD7N7jmKfueV,pvG4CwqbY0hUt0dSiL6mKQB,CSSU's iPad,"",http://squareup.com/dashboard/sales/transactions/V7bxGhQvZSA6prD7N7jmKfueV/by-unit/4YJMFSNQWK476,Payment,CSSU (charity),"","","",""
09/18/17,12:32:46,Eastern Time (US & Canada),None,Ice Cream Sandwich,1.0,Chocolate,"","",$0.50,$0.00,$0.50,$0.00,XYd5RXn7iqoJZ9WnNLpJkUzeV,R9jo2Qwf4TTvdZ5FehTSKQB,CSSU's iPad,"",http://squareup.com/dashboard/sales/transactions/XYd5RXn7iqoJZ9WnNLpJkUzeV/by-unit/4YJMFSNQWK476,Payment,CSSU (charity),"","","",""
09/18/17,12:32:46,Eastern Time (US & Canada),None,Lays Chips,1.0,Regular Price,"","",$0.75,$0.00,$0.75,$0.00,XYd5RXn7iqoJZ9WnNLpJkUzeV,R9jo2Qwf4TTvdZ5FehTSKQB,CSSU's iPad,"",http://squareup.com/dashboard/sales/transactions/XYd5RXn7iqoJZ9WnNLpJkUzeV/by-unit/4YJMFSNQWK476,Payment,CSSU (charity),"","","",""
09/18/17,12:13:56,Eastern Time (US & Canada),None,Ice Cream Sandwich,2.0,Vanilla,"","",$1.00,$0.00,$1.00,$0.00,FjFyCrrnnlh0g3BS7OD4NCpeV,zQGDVfeiocUdJ7I3z84YLQB,CSSU's iPad,"",http://squareup.com/dashboard/sales/transactions/FjFyCrrnnlh0g3BS7OD4NCpeV/by-unit/4YJMFSNQWK476,Payment,CSSU (charity),"","","",""
09/18/17,12:13:56,Eastern Time (US & Canada),Drinks,Arizona,1.0,"Regular Price, 500ml","","",$1.25,$0.00,$1.25,$0.00,FjFyCrrnnlh0g3BS7OD4NCpeV,zQGDVfeiocUdJ7I3z84YLQB,CSSU's iPad,"",http://squareup.com/dashboard/sales/transactions/FjFyCrrnnlh0g3BS7OD4NCpeV/by-unit/4YJMFSNQWK476,Payment,CSSU (charity),"","","",""
09/18/17,11:37:35,Eastern Time (US & Canada),None,Ice Cream Sandwich,2.0,Chocolate Chip,"","",$1.00,$0.00,$1.00,$0.00,3018abuRdBlMmjZri9kcNfteV,hpLnCXJL2eP7lUDSNn5mLQB,CSSU's iPad,"",http://squareup.com/dashboard/sales/transactions/3018abuRdBlMmjZri9kcNfteV/by-unit/4YJMFSNQWK476,Payment,CSSU (charity),"","","",""
09/17/17,19:24:33,Eastern Time (US & Canada),None,Ice Cream Sandwich,1.0,Chocolate Chip,"","",$0.50,$0.00,$0.50,$0.00,faErA3nokbPKYDCfWOhmVFoeV,N1k4frZldTDYGmMen6ggLQB,CSSU's iPad,"",http://squareup.com/dashboard/sales/transactions/faErA3nokbPKYDCfWOhmVFoeV/by-unit/4YJMFSNQWK476,Payment,CSSU (charity),"","","",""
09/17/17,16:43:14,Eastern Time (US & Canada),None,Ice Cream Sandwich,1.0,Vanilla,"","",$0.50,$0.00,$0.50,$0.00,VnvgsgwUKDkL0cQ8hDvlBG4eV,JrsylRB6Od8CC0abn7kbLQB,CSSU's iPad,"",http://squareup.com/dashboard/sales/transactions/VnvgsgwUKDkL0cQ8hDvlBG4eV/by-unit/4YJMFSNQWK476,Payment,CSSU (charity),"","","",""
09/17/17,16:43:14,Eastern Time (US & Canada),None,Ice Cream Sandwich,1.0,Chocolate,"","",$0.50,$0.00,$0.50,$0.00,VnvgsgwUKDkL0cQ8hDvlBG4eV,JrsylRB6Od8CC0abn7kbLQB,CSSU's iPad,"",http://squareup.com/dashboard/sales/transactions/VnvgsgwUKDkL0cQ8hDvlBG4eV/by-unit/4YJMFSNQWK476,Payment,CSSU (charity),"","","",""
09/17/17,15:08:08,Eastern Time (US & Canada),None,Ice Cream Sandwich,1.0,Vanilla,"","",$0.50,$0.00,$0.50,$0.00,zkYfzCn8975EMbK3I9TyBFfeV,JZTunjQgvX9qS5IuozrKKQB,CSSU's iPad,"",http://squareup.com/dashboard/sales/transactions/zkYfzCn8975EMbK3I9TyBFfeV/by-unit/4YJMFSNQWK476,Payment,CSSU (charity),"","","",""
09/16/17,13:38:53,Eastern Time (US & Canada),None,Ice Cream Sandwich,1.0,Chocolate Chip,"","",$0.50,$0.00,$0.50,$0.00,NZSEO50KBsopASrKzcoJlroeV,fGYS2WoOWVifAqnKvNGcKQB,CSSU's iPad,"",http://squareup.com/dashboard/sales/transactions/NZSEO50KBsopASrKzcoJlroeV/by-unit/4YJMFSNQWK476,Payment,CSSU (charity),"","","",""
09/15/17,16:36:42,Eastern Time (US & Canada),None,Ice Cream Sandwich,2.0,Chocolate,"","",$1.00,$0.00,$1.00,$0.00,LUONBkjwFWZvy3usuTXpcLmeV,7ocJNHirn4OrYwJeySLbLQB,CSSU's iPad,"",http://squareup.com/dashboard/sales/transactions/LUONBkjwFWZvy3usuTXpcLmeV/by-unit/4YJMFSNQWK476,Payment,CSSU (charity),"","","",""
09/15/17,16:02:36,Eastern Time (US & Canada),None,Ice Cream Sandwich,1.0,Vanilla,"","",$0.50,$0.00,$0.50,$0.00,fsvKpo1ORqrDMkEqLiQBuk5eV,VJw2NdmiKQghADgZQsxTLQB,CSSU's iPad,"",http://squareup.com/dashboard/sales/transactions/fsvKpo1ORqrDMkEqLiQBuk5eV/by-unit/4YJMFSNQWK476,Payment,CSSU (charity),"","","",""
09/15/17,16:02:36,Eastern Time (US & Canada),Drinks,Water,1.0,"Regular Price, 500ml","","",$0.75,$0.00,$0.75,$0.00,fsvKpo1ORqrDMkEqLiQBuk5eV,VJw2NdmiKQghADgZQsxTLQB,CSSU's iPad,"",http://squareup.com/dashboard/sales/transactions/fsvKpo1ORqrDMkEqLiQBuk5eV/by-unit/4YJMFSNQWK476,Payment,CSSU (charity),"","","",""
09/15/17,16:01:56,Eastern Time (US & Canada),None,Ice Cream Sandwich,1.0,Vanilla,"","",$0.50,$0.00,$0.50,$0.00,9vRu9mWwTEfWYcjtg7SvLhleV,zDw7OKKnTtEV2rcKxKmy6wMF,CSSU's iPad,"",http://squareup.com/dashboard/sales/transactions/9vRu9mWwTEfWYcjtg7SvLhleV/by-unit/4YJMFSNQWK476,Payment,CSSU (charity),"","","",""
09/15/17,16:01:56,Eastern Time (US & Canada),Drinks,Coke,1.0,"Classic, 355ml","","",$0.75,$0.00,$0.75,$0.00,9vRu9mWwTEfWYcjtg7SvLhleV,zDw7OKKnTtEV2rcKxKmy6wMF,CSSU's iPad,"",http://squareup.com/dashboard/sales/transactions/9vRu9mWwTEfWYcjtg7SvLhleV/by-unit/4YJMFSNQWK476,Payment,CSSU (charity),"","","",""
09/15/17,16:01:56,Eastern Time (US & Canada),None,Ice Cream Sandwich,1.0,Vanilla,"","",$0.50,$0.00,$0.50,$0.00,9vRu9mWwTEfWYcjtg7SvLhleV,zDw7OKKnTtEV2rcKxKmy6wMF,CSSU's iPad,"",http://squareup.com/dashboard/sales/transactions/9vRu9mWwTEfWYcjtg7SvLhleV/by-unit/4YJMFSNQWK476,Payment,CSSU (charity),"","","",""
09/15/17,14:20:27,Eastern Time (US & Canada),Drinks,Arizona,1.0,"Regular Price, 500ml","","",$1.25,$0.00,$1.25,$0.00,ppNnxhuHVvpllDfNLnXOzWxeV,Tw2jt4bGRwGrXlkiO52XKQB,CSSU's iPad,"",http://squareup.com/dashboard/sales/transactions/ppNnxhuHVvpllDfNLnXOzWxeV/by-unit/4YJMFSNQWK476,Payment,CSSU (charity),"","","",""
09/15/17,14:20:27,Eastern Time (US & Canada),None,Ice Cream Sandwich,1.0,Vanilla,"","",$0.50,$0.00,$0.50,$0.00,ppNnxhuHVvpllDfNLnXOzWxeV,Tw2jt4bGRwGrXlkiO52XKQB,CSSU's iPad,"",http://squareup.com/dashboard/sales/transactions/ppNnxhuHVvpllDfNLnXOzWxeV/by-unit/4YJMFSNQWK476,Payment,CSSU (charity),"","","",""
09/14/17,17:23:58,Eastern Time (US & Canada),None,Ice Cream Sandwich,2.0,Vanilla,"","",$1.00,$0.00,$1.00,$0.00,tfvRCY2lTOz6e8wriEwR1qoeV,xFph80tbrh60QPzXvtHBLQB,CSSU's iPad,"",http://squareup.com/dashboard/sales/transactions/tfvRCY2lTOz6e8wriEwR1qoeV/by-unit/4YJMFSNQWK476,Payment,CSSU (charity),"","","",""
09/14/17,17:18:49,Eastern Time (US & Canada),None,Ice Cream Sandwich,1.0,Vanilla,"","",$0.50,$0.00,$0.50,$0.00,H0FcVBOLbd4ypSboyJ7Wg22eV,DIYUZ2ygqqxAaBwrDlT8KQB,CSSU's iPad,"",http://squareup.com/dashboard/sales/transactions/H0FcVBOLbd4ypSboyJ7Wg22eV/by-unit/4YJMFSNQWK476,Payment,CSSU (charity),"","","",""
09/14/17,15:57:16,Eastern Time (US & Canada),None,Ice Cream Sandwich,4.0,Chocolate,"","",$2.00,$0.00,$2.00,$0.00,pNZKwviuMwwNVo1luSFT9m1eV,mexTnyCev4hRCkKRrrOU6sMF,CSSU's iPad,"",http://squareup.com/dashboard/sales/transactions/pNZKwviuMwwNVo1luSFT9m1eV/by-unit/4YJMFSNQWK476,Payment,CSSU (charity),"","","",""
09/14/17,12:57:37,Eastern Time (US & Canada),Drinks,Water,1.0,"Regular Price, 500ml","","",$0.75,$0.00,$0.75,$0.00,llAbOLDHTVpj7kxjNyFsiOkeV,E9Zq5CtmK6hO2B0NT8s9DyMF,CSSU's iPad,"",http://squareup.com/dashboard/sales/transactions/llAbOLDHTVpj7kxjNyFsiOkeV/by-unit/4YJMFSNQWK476,Payment,CSSU (charity),"","","",""
09/14/17,12:57:37,Eastern Time (US & Canada),None,Ice Cream Sandwich,1.0,Vanilla,"","",$0.50,$0.00,$0.50,$0.00,llAbOLDHTVpj7kxjNyFsiOkeV,E9Zq5CtmK6hO2B0NT8s9DyMF,CSSU's iPad,"",http://squareup.com/dashboard/sales/transactions/llAbOLDHTVpj7kxjNyFsiOkeV/by-unit/4YJMFSNQWK476,Payment,CSSU (charity),"","","",""
09/14/17,12:56:57,Eastern Time (US & Canada),None,Ice Cream Sandwich,1.0,Vanilla,"","",$0.50,$0.00,$0.50,$0.00,V5qxcmWPYBSIf6Mj59TKC33eV,ldWGBvq8ta0EZSBFyBN8KQB,CSSU's iPad,"",http://squareup.com/dashboard/sales/transactions/V5qxcmWPYBSIf6Mj59TKC33eV/by-unit/4YJMFSNQWK476,Payment,CSSU (charity),"","","",""
09/14/17,12:56:57,Eastern Time (US & Canada),None,Ice Cream Sandwich,1.0,Chocolate,"","",$0.50,$0.00,$0.50,$0.00,V5qxcmWPYBSIf6Mj59TKC33eV,ldWGBvq8ta0EZSBFyBN8KQB,CSSU's iPad,"",http://squareup.com/dashboard/sales/transactions/V5qxcmWPYBSIf6Mj59TKC33eV/by-unit/4YJMFSNQWK476,Payment,CSSU (charity),"","","",""
09/13/17,17:18:38,Eastern Time (US & Canada),None,Ice Cream Sandwich,1.0,Chocolate,"","",$0.50,$0.00,$0.50,$0.00,30rLSysIs739z4CbqjxJos0eV,P4Zce6zleeIWJx8mW3kJKQB,CSSU's iPad,"",http://squareup.com/dashboard/sales/transactions/30rLSysIs739z4CbqjxJos0eV/by-unit/4YJMFSNQWK476,Payment,CSSU (charity),"","","",""
09/13/17,17:18:38,Eastern Time (US & Canada),None,Ice Cream Sandwich,1.0,Chocolate Chip,"","",$0.50,$0.00,$0.50,$0.00,30rLSysIs739z4CbqjxJos0eV,P4Zce6zleeIWJx8mW3kJKQB,CSSU's iPad,"",http://squareup.com/dashboard/sales/transactions/30rLSysIs739z4CbqjxJos0eV/by-unit/4YJMFSNQWK476,Payment,CSSU (charity),"","","",""
09/13/17,17:16:50,Eastern Time (US & Canada),None,Ice Cream Sandwich,1.0,Vanilla,"","",$0.50,$0.00,$0.50,$0.00,ph74511VPc888xqRqto52x9eV,DoU4MkoLAxlDh2KK5OkpKQB,CSSU's iPad,"",http://squareup.com/dashboard/sales/transactions/ph74511VPc888xqRqto52x9eV/by-unit/4YJMFSNQWK476,Payment,CSSU (charity),"","","",""
09/13/17,17:16:50,Eastern Time (US & Canada),Drinks,Water,1.0,"Regular Price, 500ml","","",$0.75,$0.00,$0.75,$0.00,ph74511VPc888xqRqto52x9eV,DoU4MkoLAxlDh2KK5OkpKQB,CSSU's iPad,"",http://squareup.com/dashboard/sales/transactions/ph74511VPc888xqRqto52x9eV/by-unit/4YJMFSNQWK476,Payment,CSSU (charity),"","","",""
09/13/17,16:18:55,Eastern Time (US & Canada),None,Ice Cream Sandwich,1.0,Chocolate,"","",$0.50,$0.00,$0.50,$0.00,D0yGNgiJbROK3QpU44DXomxeV,PwpMNY98xI6SkSIRTrkILQB,CSSU's iPad,"",http://squareup.com/dashboard/sales/transactions/D0yGNgiJbROK3QpU44DXomxeV/by-unit/4YJMFSNQWK476,Payment,CSSU (charity),"","","",""
09/13/17,14:20:10,Eastern Time (US & Canada),None,Ice Cream Sandwich,1.0,Chocolate,"","",$0.50,$0.00,$0.50,$0.00,zi5U7ptbP6kfcmranBJJweieV,kYyZP6jmqMwd8dpbnEiLQuMF,CSSU's iPad,"",http://squareup.com/dashboard/sales/transactions/zi5U7ptbP6kfcmranBJJweieV/by-unit/4YJMFSNQWK476,Payment,CSSU (charity),"","","",""
09/13/17,14:20:10,Eastern Time (US & Canada),Drinks,Perrier Sparkling Water in Glass Bottle,1.0,Regular Price,"","",$1.50,$0.00,$1.50,$0.00,zi5U7ptbP6kfcmranBJJweieV,kYyZP6jmqMwd8dpbnEiLQuMF,CSSU's iPad,"",http://squareup.com/dashboard/sales/transactions/zi5U7ptbP6kfcmranBJJweieV/by-unit/4YJMFSNQWK476,Payment,CSSU (charity),"","","",""
09/13/17,14:09:44,Eastern Time (US & Canada),None,Ice Cream Sandwich,1.0,Vanilla,"","",$0.50,$0.00,$0.50,$0.00,3gpnwhLgiaEG6b00aYvJ7aneV,dbvuVIDwDht0Xr3aCBLnKQB,CSSU's iPad,"",http://squareup.com/dashboard/sales/transactions/3gpnwhLgiaEG6b00aYvJ7aneV/by-unit/4YJMFSNQWK476,Payment,CSSU (charity),"","","",""
09/13/17,14:09:34,Eastern Time (US & Canada),None,Ice Cream Sandwich,1.0,Vanilla,"","",$0.50,$0.00,$0.50,$0.00,1nP4yM7n35XrBwdZ0zUcw4feV,Z3SQDlVWW6ug3on995OAKQB,CSSU's iPad,"",http://squareup.com/dashboard/sales/transactions/1nP4yM7n35XrBwdZ0zUcw4feV/by-unit/4YJMFSNQWK476,Payment,CSSU (charity),"","","",""
09/13/17,13:10:04,Eastern Time (US & Canada),None,Ice Cream Sandwich,1.0,Chocolate,"","",$0.50,$0.00,$0.50,$0.00,n2shu2OfLEWG3Z4QHj8hOW5eV,jkSw2g4KVSOWRf9KfKT9JQB,CSSU's iPad,"",http://squareup.com/dashboard/sales/transactions/n2shu2OfLEWG3Z4QHj8hOW5eV/by-unit/4YJMFSNQWK476,Payment,CSSU (charity),"","","",""
09/13/17,12:53:11,Eastern Time (US & Canada),None,Ice Cream Sandwich,2.0,Chocolate,"","",$1.00,$0.00,$1.00,$0.00,X8PDWLt8ZQ7EEGZFOAvUnH0eV,V9YLwX4yG4GgAefkC1oULQB,CSSU's iPad,"",http://squareup.com/dashboard/sales/transactions/X8PDWLt8ZQ7EEGZFOAvUnH0eV/by-unit/4YJMFSNQWK476,Payment,CSSU (charity),"","","",""
09/13/17,12:38:18,Eastern Time (US & Canada),None,Ice Cream Sandwich,1.0,Vanilla,"","",$0.50,$0.00,$0.50,$0.00,5JLGI5hcsRh9vy0TlhfWhbxeV,JZZhzRU5WyOZnnlnp3kFKQB,CSSU's iPad,"",http://squareup.com/dashboard/sales/transactions/5JLGI5hcsRh9vy0TlhfWhbxeV/by-unit/4YJMFSNQWK476,Payment,CSSU (charity),"","","",""
09/13/17,12:26:55,Eastern Time (US & Canada),None,Ice Cream Sandwich,2.0,Vanilla,"","",$1.00,$0.00,$1.00,$0.00,Vd0zJzeabaZtJz1vM5uy8A8eV,FtQLBl7I5MyOSVut3XnhKQB,CSSU's iPad,"",http://squareup.com/dashboard/sales/transactions/Vd0zJzeabaZtJz1vM5uy8A8eV/by-unit/4YJMFSNQWK476,Payment,CSSU (charity),"","","",""
09/13/17,12:26:55,Eastern Time (US & Canada),Drinks,Coke,1.0,"Classic, 355ml","","",$0.75,$0.00,$0.75,$0.00,Vd0zJzeabaZtJz1vM5uy8A8eV,FtQLBl7I5MyOSVut3XnhKQB,CSSU's iPad,"",http://squareup.com/dashboard/sales/transactions/Vd0zJzeabaZtJz1vM5uy8A8eV/by-unit/4YJMFSNQWK476,Payment,CSSU (charity),"","","",""
09/12/17,18:48:15,Eastern Time (US & Canada),None,Ice Cream Sandwich,1.0,Chocolate Chip,"","",$0.50,$0.00,$0.50,$0.00,bs8offiUKR68uNU4dBoEdi4eV,xnUGAgBEBsZ1he6pAk1lKQB,CSSU's iPad,"",http://squareup.com/dashboard/sales/transactions/bs8offiUKR68uNU4dBoEdi4eV/by-unit/4YJMFSNQWK476,Payment,CSSU (charity),"","","",""
09/12/17,17:15:10,Eastern Time (US & Canada),None,Ice Cream Sandwich,1.0,Vanilla,"","",$0.50,$0.00,$0.50,$0.00,d3h6EZF3n0CUWAYN9K7rTCoeV,bMoCZfdnsOwkY249HzuwJQB,CSSU's iPad,"",http://squareup.com/dashboard/sales/transactions/d3h6EZF3n0CUWAYN9K7rTCoeV/by-unit/4YJMFSNQWK476,Payment,CSSU (charity),"","","",""
09/12/17,17:15:10,Eastern Time (US & Canada),Drinks,Arizona,1.0,"Regular Price, 500ml","","",$1.25,$0.00,$1.25,$0.00,d3h6EZF3n0CUWAYN9K7rTCoeV,bMoCZfdnsOwkY249HzuwJQB,CSSU's iPad,"",http://squareup.com/dashboard/sales/transactions/d3h6EZF3n0CUWAYN9K7rTCoeV/by-unit/4YJMFSNQWK476,Payment,CSSU (charity),"","","",""
09/12/17,17:12:37,Eastern Time (US & Canada),None,Pizza Pop,1.0,Regular Price,"","",$2.00,$0.00,$2.00,$0.00,jO3qX2zHh8SNCVrnHJdzfsseV,bGLjqueiXLpr3HruTSmnKQB,CSSU's iPad,"",http://squareup.com/dashboard/sales/transactions/jO3qX2zHh8SNCVrnHJdzfsseV/by-unit/4YJMFSNQWK476,Payment,CSSU (charity),"","","",""
09/12/17,17:12:37,Eastern Time (US & Canada),None,Ice Cream Sandwich,4.0,Vanilla,"","",$2.00,$0.00,$2.00,$0.00,jO3qX2zHh8SNCVrnHJdzfsseV,bGLjqueiXLpr3HruTSmnKQB,CSSU's iPad,"",http://squareup.com/dashboard/sales/transactions/jO3qX2zHh8SNCVrnHJdzfsseV/by-unit/4YJMFSNQWK476,Payment,CSSU (charity),"","","",""
09/12/17,15:05:46,Eastern Time (US & Canada),None,Ice Cream Sandwich,1.0,Chocolate Chip,"","",$0.50,$0.00,$0.50,$0.00,TgYcLy1aX1DCgH0iJvTPVZueV,7Iw9q5otmrrafOHrX6W5JQB,CSSU's iPad,"",http://squareup.com/dashboard/sales/transactions/TgYcLy1aX1DCgH0iJvTPVZueV/by-unit/4YJMFSNQWK476,Payment,CSSU (charity),"","","",""
09/11/17,20:00:55,Eastern Time (US & Canada),None,Ice Cream Sandwich,2.0,Chocolate Chip,"","",$1.00,$0.00,$1.00,$0.00,r0ud1LaGiBsniJDtVOv9mWkeV,7eViyD2GwbtnBr1lJAw8JQB,CSSU's iPad,"",http://squareup.com/dashboard/sales/transactions/r0ud1LaGiBsniJDtVOv9mWkeV/by-unit/4YJMFSNQWK476,Payment,CSSU (charity),"","","",""
09/11/17,19:41:27,Eastern Time (US & Canada),None,Ice Cream Sandwich,1.0,Chocolate Chip,"","",$0.50,$0.00,$0.50,$0.00,feKHNhU8hoX3ljVIjOOgFv2eV,vCqIZ3ftYkcdhepJ7sXtKQB,CSSU's iPad,"",http://squareup.com/dashboard/sales/transactions/feKHNhU8hoX3ljVIjOOgFv2eV/by-unit/4YJMFSNQWK476,Payment,CSSU (charity),"","","",""
09/11/17,17:34:34,Eastern Time (US & Canada),None,Ice Cream Sandwich,1.0,Vanilla,"","",$0.50,$0.00,$0.50,$0.00,1527s2SpbMctiUivVtM1fwxeV,Tyf5ANbgxpWQelchv9saKQB,CSSU's iPad,"",http://squareup.com/dashboard/sales/transactions/1527s2SpbMctiUivVtM1fwxeV/by-unit/4YJMFSNQWK476,Payment,CSSU (charity),"","","",""
09/11/17,16:42:36,Eastern Time (US & Canada),None,Ice Cream Sandwich,1.0,Vanilla,"","",$0.50,$0.00,$0.50,$0.00,JrMUICPoVezAGkDstngb2GheV,P24oAyYDA8nOjbp7k155JQB,CSSU's iPad,"",http://squareup.com/dashboard/sales/transactions/JrMUICPoVezAGkDstngb2GheV/by-unit/4YJMFSNQWK476,Payment,CSSU (charity),"","","",""
09/11/17,12:39:51,Eastern Time (US & Canada),None,Ice Cream Sandwich,2.0,Vanilla,"","",$1.00,$0.00,$1.00,$0.00,TkKIPX7BUuAtwI8uVfBsiMneV,rgOUIAsKRjgKh69RWeQ6KQB,CSSU's iPad,"",http://squareup.com/dashboard/sales/transactions/TkKIPX7BUuAtwI8uVfBsiMneV/by-unit/4YJMFSNQWK476,Payment,CSSU (charity),"","","",""
09/08/17,16:40:34,Eastern Time (US & Canada),None,Ice Cream Sandwich,1.0,Vanilla,"","",$0.50,$0.00,$0.50,$0.00,RllLogLVbsGYKSjAJ14hpx4eV,t7xHA0GkTAUppZF614FPLQB,CSSU's iPad,"",http://squareup.com/dashboard/sales/transactions/RllLogLVbsGYKSjAJ14hpx4eV/by-unit/4YJMFSNQWK476,Payment,CSSU (charity),"","","",""
09/08/17,16:33:07,Eastern Time (US & Canada),None,Ice Cream Sandwich,1.0,Vanilla,"","",$0.50,$0.00,$0.50,$0.00,5bkSU4WnMN2dXIc6OcY0uRAfV,P2kuEi1DXvRLy3764ApuKQB,CSSU's iPad,"",http://squareup.com/dashboard/sales/transactions/5bkSU4WnMN2dXIc6OcY0uRAfV/by-unit/4YJMFSNQWK476,Payment,CSSU (charity),"","","",""
09/08/17,16:21:52,Eastern Time (US & Canada),None,Ice Cream Sandwich,1.0,Chocolate Chip,"","",$0.50,$0.00,$0.50,$0.00,zYIkQCFGFtBLxBCkGaLRkrneV,FJiHSrjkx7qoM4XeV595JQB,CSSU's iPad,"",http://squareup.com/dashboard/sales/transactions/zYIkQCFGFtBLxBCkGaLRkrneV/by-unit/4YJMFSNQWK476,Payment,CSSU (charity),"","","",""
09/08/17,16:15:55,Eastern Time (US & Canada),None,Ice Cream Sandwich,1.0,Vanilla,"","",$0.50,$0.00,$0.50,$0.00,fE5dfIMQgUp3dHH97LpKtQweV,Nr15qxi78QaLvNKTlKQMKQB,CSSU's iPad,"",http://squareup.com/dashboard/sales/transactions/fE5dfIMQgUp3dHH97LpKtQweV/by-unit/4YJMFSNQWK476,Payment,CSSU (charity),"","","",""
09/07/17,20:25:22,Eastern Time (US & Canada),None,Ice Cream Sandwich,2.0,Vanilla,"","",$1.00,$0.00,$1.00,$0.00,BjOSqaW8yzxF3b66YmnE7IoeV,li5gHXErQik4lICPfivfluMF,CSSU's iPad,"",http://squareup.com/dashboard/sales/transactions/BjOSqaW8yzxF3b66YmnE7IoeV/by-unit/4YJMFSNQWK476,Payment,CSSU (charity),"","","",""
09/07/17,18:19:06,Eastern Time (US & Canada),Drinks,Coke,1.0,"Classic, 355ml","","",$0.75,$0.00,$0.75,$0.00,X41N9R5IpheAXUom3Y4mVmkeV,dR2mABpsTOMbkmUP2igbLQB,CSSU's iPad,"",http://squareup.com/dashboard/sales/transactions/X41N9R5IpheAXUom3Y4mVmkeV/by-unit/4YJMFSNQWK476,Payment,CSSU (charity),"","","",""
09/07/17,18:19:06,Eastern Time (US & Canada),Drinks,Sprite,1.0,Regular,"","",$0.75,$0.00,$0.75,$0.00,X41N9R5IpheAXUom3Y4mVmkeV,dR2mABpsTOMbkmUP2igbLQB,CSSU's iPad,"",http://squareup.com/dashboard/sales/transactions/X41N9R5IpheAXUom3Y4mVmkeV/by-unit/4YJMFSNQWK476,Payment,CSSU (charity),"","","",""
09/07/17,18:19:06,Eastern Time (US & Canada),None,Ice Cream Sandwich,1.0,Chocolate Chip,"","",$0.50,$0.00,$0.50,$0.00,X41N9R5IpheAXUom3Y4mVmkeV,dR2mABpsTOMbkmUP2igbLQB,CSSU's iPad,"",http://squareup.com/dashboard/sales/transactions/X41N9R5IpheAXUom3Y4mVmkeV/by-unit/4YJMFSNQWK476,Payment,CSSU (charity),"","","",""
09/07/17,17:47:36,Eastern Time (US & Canada),None,Ice Cream Sandwich,1.0,Vanilla,"","",$0.50,$0.00,$0.50,$0.00,xJ7RYU1YKFbMj9bfhlSYpl6eV,pPKCGczBG2fNTfU9Lhi9JQB,CSSU's iPad,"",http://squareup.com/dashboard/sales/transactions/xJ7RYU1YKFbMj9bfhlSYpl6eV/by-unit/4YJMFSNQWK476,Payment,CSSU (charity),"","","",""
09/07/17,17:47:36,Eastern Time (US & Canada),Drinks,Jarritos ,1.0,Mango,"","",$2.00,$0.00,$2.00,$0.00,xJ7RYU1YKFbMj9bfhlSYpl6eV,pPKCGczBG2fNTfU9Lhi9JQB,CSSU's iPad,"",http://squareup.com/dashboard/sales/transactions/xJ7RYU1YKFbMj9bfhlSYpl6eV/by-unit/4YJMFSNQWK476,Payment,CSSU (charity),"","","",""
09/07/17,15:28:52,Eastern Time (US & Canada),None,Ice Cream Sandwich,1.0,Vanilla,"","",$0.50,$0.00,$0.50,$0.00,LSVzaKcz8Zi7uOAknBpJCBweV,9zTWffjEtXrbKYnDcmrjKQB,CSSU's iPad,"",http://squareup.com/dashboard/sales/transactions/LSVzaKcz8Zi7uOAknBpJCBweV/by-unit/4YJMFSNQWK476,Payment,CSSU (charity),"","","",""
09/07/17,14:42:57,Eastern Time (US & Canada),None,Ice Cream Sandwich,2.0,Chocolate Chip,"","",$1.00,$0.00,$1.00,$0.00,vQTh1jngdR1nhOXBYyeAj5heV,vAtyhLKn1TZlHjV3EZvQLQB,CSSU's iPad,"",http://squareup.com/dashboard/sales/transactions/vQTh1jngdR1nhOXBYyeAj5heV/by-unit/4YJMFSNQWK476,Payment,CSSU (charity),"","","",""
09/07/17,14:36:29,Eastern Time (US & Canada),None,"Patty King, Beef",1.0,Regular Price,"","",$2.00,$0.00,$2.00,$0.00,bEGpkBwwY82UnLgnVUbhXj7eV,ke8tepqsbZKgu2MKSooUVtMF,CSSU's iPad,"",http://squareup.com/dashboard/sales/transactions/bEGpkBwwY82UnLgnVUbhXj7eV/by-unit/4YJMFSNQWK476,Payment,CSSU (charity),"","","",""
09/07/17,14:36:29,Eastern Time (US & Canada),None,Ice Cream Sandwich,1.0,Vanilla,"","",$0.50,$0.00,$0.50,$0.00,bEGpkBwwY82UnLgnVUbhXj7eV,ke8tepqsbZKgu2MKSooUVtMF,CSSU's iPad,"",http://squareup.com/dashboard/sales/transactions/bEGpkBwwY82UnLgnVUbhXj7eV/by-unit/4YJMFSNQWK476,Payment,CSSU (charity),"","","",""
09/07/17,13:54:50,Eastern Time (US & Canada),None,Ice Cream Sandwich,1.0,Chocolate Chip,"","",$0.50,$0.00,$0.50,$0.00,DUs50g2NU3Q76U4vi8xynJ9eV,XiK7iuAO048l5laM0KKYLQB,CSSU's iPad,"",http://squareup.com/dashboard/sales/transactions/DUs50g2NU3Q76U4vi8xynJ9eV/by-unit/4YJMFSNQWK476,Payment,CSSU (charity),"","","",""
09/07/17,13:54:02,Eastern Time (US & Canada),None,Ice Cream Sandwich,2.0,Vanilla,"","",$1.00,$0.00,$1.00,$0.00,NJYlP9PDxZi4GV7uCrllE3yeV,3IrWaEpBDaT7V1UHoL7dLQB,CSSU's iPad,"",http://squareup.com/dashboard/sales/transactions/NJYlP9PDxZi4GV7uCrllE3yeV/by-unit/4YJMFSNQWK476,Payment,CSSU (charity),"","","",""
09/07/17,12:08:52,Eastern Time (US & Canada),None,Ice Cream Sandwich,2.0,Vanilla,"","",$1.00,$0.00,$1.00,$0.00,TuZvAd49x2NQsk7sp7R4EZ9eV,rihNq7znsoJ7S8Aixe09JQB,CSSU's iPad,"",http://squareup.com/dashboard/sales/transactions/TuZvAd49x2NQsk7sp7R4EZ9eV/by-unit/4YJMFSNQWK476,Payment,CSSU (charity),"","","",""
